1784 3136
273 587 319 666 b.
347 586 502 677 άλ6ων
531 620 591 665 A.
620 620 673 664 C.
701 585 797 664 Cet.
830 621 1014 664 πλοίων.
1042 585 1409 677 ΙΙ·τριηέ>εῦσι.Α.
1442 586 1495 665 C]
1528 584 1628 665 Cet:

280 690 434 774 ->kDind.
458 690 672 749 τριήρεσι.
692 691 711 746 ΙΙ
735 686 909 742 εὐθέως
921 689 1062 734 Wels.
1090 686 1153 741 ὥς
1172 686 1312 742 ωθύς
1329 689 1482 733 Heinr.
1502 690 1629 734 Libri

366 785 426 791 —
451 775 542 804 CAP.
568 759 610 811 2,
638 759 678 804 1.
704 760 780 803 καὶ
803 763 960 816 μείους
982 759 1136 803 Heinr.
1161 758 1627 812 Dobr.Adv.1,137.

273 823 425 887 ἆρκεῖν
450 828 555 875 Cur.
580 829 708 887 REq.
737 829 806 883 11,
836 830 877 875 6.
902 829 1041 874 Dobr.
1068 828 1206 874 Haas.
1234 828 1333 874 395.
1362 828 1474 874 Cob.
1500 829 1629 875 Libri

260 896 394 982 fAlii?
405 900 596 984 alinum
579 916 629 982 <m
648 900 744 943 loco
768 900 1002 985 admodum
1026 899 1204 942 difficili.
1194 899 1308 984 ‘'2''‚5
1336 892 1388 981 ⁰²}
1408 896 1502 944 δὲ*ν
1482 897 1627 984 η”ξτωξι

242 1179 565 1236 παραπλεῦσαι
589 1178 647 1222 A.
676 1176 728 1221 C.
754 1176 773 1232 ΙΙ
804 1177 936 1233 Quod
966 1178 1197 1221 discrimen
1227 1184 1488 1221 memoretur
1517 1179 1628 1221 inter

138 1240 163 1255 ᾖ
183 1271 185 1273 -
203 1238 207 1243 ’
224 1247 300 1306 qui
330 1248 438 1291 mari
468 1254 511 1291 et
540 1247 614 1304 qui
644 1254 757 1291 terra
786 1247 1013 1305 imperent,
1045 1262 1158 1291 anno
1188 1247 1279 1291 fere
1304 1247 1404 1291 374.
1435 1248 1624 1305 primum

211 1314 263 1367 ac
290 1317 459 1375 imperii
488 1317 699 1360 divisione
728 1317 840 1360 inter
867 1317 985 1375 ipsos
1012 1316 1301 1361 Athenienses
1332 1317 1625 1361 etLacedae·

200 1386 265 1432 'os
289 1386 550 1432 mentionem
574 1386 752 1439 factam,
783 1385 941 1431 librum
965 1394 1066 1445 post
1089 1386 1196 1430 illud
1220 1395 1389 1445 tempus
1416 1387 1623 1445 scriptum

204 1457 324 1510 dicit
347 1456 514 1499 Bakius
541 1456 626 1499 137
646 1470 739 1512 sqq.
779 1455 904 1511 Quae
930 1456 1073 1512 opinio
1098 1471 1232 1512 quum
1257 1457 1352 1499 aliis
1377 1457 1431 1499 de
1456 1457 1624 1500 caussis

175 1525 270 1587 bari
290 1532 495 1582 nequeat,
525 1530 619 1568 tum
649 1524 757 1568 haec
786 1539 873 1568 non
903 1525 1096 1582 potuisse
1121 1541 1148 1568 a
1170 1524 1484 1582 Xenophonte,
1519 1523 1627 1583 Cyri

202 1595 354 1653 gesilai
378 1595 547 1646 comite,
575 1593 705 1637 scribi
727 1608 809 1637 nec
833 1601 946 1637 certe
971 1594 1164 1650 potuisse
1188 1594 1272 1637 nisi
1296 1600 1395 1637 ante
1413 1593 1624 1652 Brasidae

70 1716 75 1721 ἡ
121 1707 123 1709 ,
215 1663 247 1702 ε
250 1664 410 1708 tionem
431 1662 756 1706 macedonicam
781 1663 991 1707 sententia
1015 1670 1080 1706 est
1104 1663 1314 1706 Roscheri
1337 1662 1444 1716 529,
1470 1662 1630 1707 obver?

56 1735 235 1812 &Qum
258 1733 464 1791 scriptori
480 1733 616 1776 videri
640 1739 739 1776 ante
764 1733 912 1777 oculos
938 1733 1119 1776 dicentis
1144 1733 1362 1777 infelicem
1387 1733 1624 1790 expeditio-

78 1819 112 1839 γε
162 1824 183 1842 2·
215 1802 663 1848 Lacedaemoniorum
688 1808 835 1846 contra
858 1801 1151 1860 Naupactum,
1183 1810 1282 1861 post
1312 1802 1474 1847 bellum
1504 1802 1624 1861 pelo·

221 1873 402 1917 siacum
425 1873 604 1916 victoria
627 1873 841 1915 maritima
864 1872 1033 1914 finitum
1063 1887 1213 1915 omnes
1239 1879 1418 1915 eventus
1443 1872 1620 1915 bellicos

217 1941 445 1993 rrestribus
485 1941 619 1999 copiis
658 1941 762 1985 sitos
798 1940 947 1984 fuisse.
1005 1940 1143 1985 Cuius
1180 1941 1242 1984 rei
1278 1948 1530 1999 argumenta
1566 1955 1621 1986 ex

200 2010 296 2055 loco
319 2012 453 2068 petita
476 2026 568 2054 non
585 2011 725 2068 potuit
747 2010 1004 2068 redarguere
1029 2010 1207 2068 Helbig.
1234 2004 1353 2055 Mus.
1380 2011 1520 2055 Rhen.
1549 2011 1619 2063 16,

213 2094 307 2138 sqq.
333 2078 352 2135 ΙΙ
381 2079 423 2137 6.
463 2076 735 2138 εὐθενούσης
771 2078 907 2123 Dind.
945 2078 1020 2124 Ad
1052 2076 1307 2139 ἀφικνεῖται
1342 2079 1621 2125 Heinrichius

165 2195 181 2212 ,n
194 2166 273 2202 τος
289 2149 359 2192 vel
382 2149 640 2208 cogitatione
658 2150 729 2193 vel
754 2149 980 2193 scribendo
1005 2150 1251 2193 addendum
1275 2149 1492 2194 censebat.
1518 2151 1621 2196 Vid.

63 2251 80 2270 ἦ
127 2211 144 2269 f·
174 2214 264 2281 eg.
290 2218 429 2263 Thuc.
457 2219 496 2273 1,
524 2219 566 2272 6,
591 2219 633 2263 4.
673 2218 746 2264 Cf.
779 2219 899 2264 Hell.
927 2220 966 2273 1,
995 2220 1034 2273 1,
1060 2219 1132 2265 35.
1166 2219 1211 2265 οἱ
1241 2228 1367 2273 σῖτος
1397 2224 1551 2279 φοιτᾷ.
1578 2220 1620 2273 2,

64 2281 85 2313 v?
208 2323 240 2349 .·
278 2286 406 2341 ὅπως
434 2289 572 2347 μηδὲν
609 2288 815 2333 εἰσπλέοι
852 2292 957 2343 (τῶν
992 2288 1289 2347 ἐπιτηδείων).
1327 2290 1456 2333 Dem.
1487 2290 1619 2347 Lept.

208 2361 234 2417 ss
259 2359 298 2403 7.
326 2354 443 2403 ὥστε
466 2358 631 2402 addidit
654 2358 878 2402 Heinrich.
905 2355 1152 2418 ἤθροισται
1175 2375 1309 2417 marg.
1332 2360 1462 2403 Voss.
1484 2359 1618 2417 Vulg.

205 2422 444 2476 ,maurel
466 2425 716 2487 ἠθροίσθη.
737 2426 754 2482 ΙΙ
779 2428 821 2472 8.
849 2427 896 2473 ἐκ
919 2432 998 2486 τῆς
1022 2436 1064 2471 et
1084 2429 1153 2472 12.
1179 2432 1234 2487 τῇ
1250 2428 1621 2485 Xenophonteum

100 2529 135 2561 ,;,
205 2492 354 2560 ,negat
382 2496 494 2542 Bak.
524 2497 622 2542 199.
647 2497 750 2544 Vid.
775 2497 886 2542 Ahr.
912 2497 1045 2542 Diall.
1072 2497 1113 2550 2,
1140 2497 1239 2542 268.
1266 2496 1284 2549 ΙΙ
1316 2496 1361 2542 οἱ
1384 2497 1464 2554 μὲν
1490 2494 1622 2544 ἄλλοι

187 2563 288 2628 ’ᾠοες
315 2565 427 2609 Bak.
460 2567 535 2621 qui
566 2563 697 2611 ἄλλοι
727 2568 856 2610 etiam
885 2568 929 2610 in
959 2583 1095 2625 marg.
1126 2568 1260 2611 Voss.
1292 2568 1487 2611 additum
1523 2584 1621 2613 esse

87 2648 92 2659 ⁶
220 2643 238 2680 ’.
266 2633 318 2680 Οἱ
330 2630 534 2691 Ἕλληνες
545 2634 885 2680 Atheniensibus
905 2642 1179 2693 opponuntur
1190 2638 1316 2682 Vect.
1334 2637 1373 2690 1,
1390 2638 1429 2680 1.
1450 2636 1637 2693 Andoc„

158 2703 367 2769 iga-Ar.
392 2703 507 2748 Nub.
533 2704 636 2750 413.
675 2704 747 2750 Cf.
776 2704 886 2750 Sint.
911 2704 1026 2749 Plut.
1054 2705 1208 2750 Them.
1237 2706 1334 2751 130.
1354 2705 1372 2760 ΙΙ
1395 2709 1485 2751 τῶν
1508 2710 1621 2766 βαρ-

206 2774 248 2821 '9
278 2769 432 2820 Heinr.
464 2774 592 2819 Libri
625 2775 879 2836 βαρβάρων.
906 2774 924 2830 ΙΙ
953 2775 1136 2835 Propter
1168 2791 1408 2820 sermonem
1437 2777 1621 2822 mixtum
