1784 3136
408 347 410 349 ’
534 328 566 382 3*
583 326 595 378 s
671 361 683 379 ·.
701 331 734 389 ἸΙ
753 329 797 376 4.
811 328 901 375 -33,
916 298 1036 390 &Qyp
1054 345 1104 374 τε
1105 277 1273 375 Hei-tl.
1300 326 1496 372 Coniect.
1524 319 1564 380 1,
1597 327 1638 372 8.

172 443 224 460 --
245 384 413 450 *ulae
471 397 644 464 aiectac
660 400 870 485 exemplis
894 415 1010 446 nunc
1033 399 1170 445 affero
1192 396 1366 444 Comm.
1391 398 1434 451 3,
1459 396 1502 450 5,
1528 396 1570 442 3.
1595 397 1639 450 4,

164 464 280 526 ῶ
321 465 490 526 cuv-2,
512 471 555 515 1.
575 457 607 526 ΙΙ
625 468 667 516 5.
700 466 823 530 αὐτῷ
835 479 895 516 ut
914 462 1068 516 RLac.
1095 471 1137 524 5,
1161 470 1205 515 4.
1232 469 1403 515 comm.
1430 468 1472 522 3,
1499 467 1541 522 8,
1569 467 1640 513 10.

251 537 341 593 ᾆκαὶζ
362 545 429 600 τῷ
459 541 567 600 οἴκῳ
597 540 682 586 del.
708 556 823 586 cens.
838 542 974 600 Lips.
1002 538 1155 594 αὐτοῖς
1183 557 1235 585 τε
1258 558 1295 585 κ.
1321 558 1361 585 τ.
1388 539 1499 599 οίκῳ
1526 538 1637 584 Oob.

258 609 343 657 ibri,
367 609 452 670 ἐγώ
478 626 555 656 σοι
579 610 777 656 σύνοιδα.
805 610 894 667 Qui
914 617 1151 667 sequuntur
1167 610 1487 668 participiorum
1512 624 1641 654 accu-

248 679 293 729 'a
303 680 597 726 Camerario·
584 695 630 723 m
655 679 823 723 dativos
849 680 1046 724 conversi
1071 686 1181 723 sunt.
1209 677 1295 737 ἐγώ
1322 694 1373 723 σε
1398 676 1501 723 οἶδα
1527 678 1636 723 Cob.

247 744 349 808 Ego
370 749 495 806 quod
520 749 630 793 σοι’
618 765 663 792 ιιι
689 751 740 793 σέ
763 754 928 793 mutato
953 755 1095 793 cetera
1119 748 1390 801 conservavi,
1422 748 1509 792 feci
1531 747 1638 792 locis

97 796 304 898 ’ξ’ζζγιιΐιιέ
314 834 342 864 a
370 818 599 863 Dindorfio
630 817 765 863 Thes.
800 817 932 863 St.7.
961 818 1088 872 1290,
1121 834 1159 862 a.
1191 825 1234 862 et
1264 818 1319 862 ab
1348 817 1410 862 H.
1444 816 1639 875 Sauppio

156 883 242 945 ξω.
276 887 350 934 01.
382 888 423 942 3,
450 888 490 933 3.
529 889 785 947 comparatis
817 903 1012 946 quosque
1044 888 1309 933 Hertleinius
1347 887 1640 947 suppeditavit

238 960 341 1019 ,teis
366 959 406 1012 8,
435 959 532 1004 113.
561 958 629 1011 15,
658 959 756 1003 120.
783 958 800 1013 ΙΙ
830 959 1059 1017 κωμῳδῶν
1083 975 1131 1003 τε
1156 960 1232 1003 καὶ
1254 958 1497 1018 τραγῳδῶν
1524 957 1635 1002 Cob.

172 1026 475 1089 ,τραγῳδῶν
492 1045 542 1074 τε
560 1029 636 1073 καὶ
653 1045 763 1084 κωμ.
784 1031 849 1084 (ut
867 1029 925 1083 9.)
947 1043 1027 1087 ego
1043 1027 1285 1084 Quaest.-4,
1309 1028 1377 1071 12.
1397 1028 1472 1072 ubi
1490 1035 1640 1072 contra

158 1095 412 1146 armannum
432 1097 619 1142 Charicl.
639 1099 682 1150 1,
701 1098 801 1142 321.
828 1099 1073 1142 comoedias
1097 1098 1236 1156 primo
1255 1113 1381 1142 manc
1401 1096 1638 1151 celebratas

158 1167 423 1229 &uigentem
447 1169 665 1227 disputare
690 1168 781 1212 dixi
805 1168 866 1213 H.
894 1166 1138 1227 Sauppium
1161 1167 1262 1212 Act.
1290 1183 1379 1213 soc.
1403 1168 1484 1211 litt.
1510 1167 1636 1226 Lips.

137 1232 214 1296 hil.
249 1238 377 1292 1855,
410 1240 480 1283 20.
512 1238 530 1293 ΙΙ
566 1239 607 1282 9.
638 1238 765 1283 Libri
793 1238 959 1295 μωρός.
987 1238 1042 1283 V.
1076 1254 1174 1282 ann.
1209 1238 1380 1282 Comm.
1415 1238 1454 1291 1,
1481 1239 1521 1291 2,
1549 1238 1590 1282 9.
1621 1237 1635 1296 ΙΙ

170 1304 323 1358 timum
355 1305 495 1354 ὄντων
525 1308 607 1352 del.
639 1308 815 1353 Hirsch.
847 1308 962 1353 Phil.
993 1308 1035 1361 5,
1068 1308 1168 1352 299.
1205 1307 1306 1366 Ego
1337 1308 1485 1352 malim
1516 1308 1636 1366 prius

294 1378 315 1433 ΙΙ
347 1378 416 1423 10.
438 1377 656 1436 χρήσιμαι
678 1378 787 1422 libri.
809 1378 864 1422 V.
889 1378 1004 1422 Lob.
1033 1376 1167 1435 Soph.
1193 1378 1267 1421 Ai.
1293 1393 1335 1435 p.
1356 1377 1456 1422 252.
1481 1377 1636 1436 Poppo

165 1448 264 1504 Kr.
297 1447 434 1493 Thuc.
476 1448 515 1501 7,
549 1448 617 1493 72.
679 1447 832 1493 Variat
866 1448 982 1507 apud
1017 1448 1357 1507 Xenophontem
1392 1447 1551 1501 forma,
1588 1454 1638 1492 ut

194 1514 308 1566 ‘rumh
348 1518 622 1577 ἐλευθέριος,
658 1518 841 1578 ἐ’ρημοςς
877 1519 1039 1563 rariora
1067 1522 1216 1575 βιαία,
1251 1517 1516 1572 ἕθελουσία,
1551 1517 1637 1563 ἐνι-

171 1593 261 1645 σία,
288 1587 499 1649 ἥσυχαία,
527 1592 787 1645 θαυμασία,
815 1588 1040 1647 παγκάλῃ,
1068 1588 1327 1647 προσθετής
1352 1587 1484 1633 dubia
1509 1585 1634 1648 ἀργή,

157 1657 301 1719 πήλη.
325 1657 345 1714 ΙΙ
375 1655 523 1713 αὔξειν
553 1658 694 1703 Hertl.
720 1659 739 1713 ΙΙ
768 1652 795 1719 ᾗ
829 1656 891 1712 ὥς
921 1660 1115 1704 πλεῖστα
1146 1660 1445 1715 λυμανοῦνται
1483 1657 1634 1717 Steph.

165 1729 214 1775 αἱ
237 1731 450 1774 πλεῖσται
474 1729 671 1773 Baeuml.
698 1729 797 1773 169.
836 1729 968 1785 Quod
1002 1730 1153 1787 scripsi
1173 1730 1250 1773 Est
1279 1729 1324 1772 in
1354 1729 1474 1772 libris
1501 1730 1637 1773 omni-

195 1799 252 1857 ΙΙ
283 1799 352 1844 11.
383 1798 557 1856 πότερα
589 1799 717 1843 etiam
740 1800 903 1845 Victor.
936 1797 953 1854 ΙΙ
990 1802 1256 1857 κακοποιοίη
1292 1797 1466 1843 Schaef.
1500 1797 1635 1857 Greg.

163 1869 291 1928 *3982
330 1867 463 1915 Schn.
489 1868 590 1914 455.
623 1869 676 1913 al.
708 1869 780 1913 De
811 1869 943 1914 verbo
973 1886 1014 1914 v.
1047 1881 1144 1914 ann.
1179 1868 1348 1914 Comm.
1376 1870 1416 1922 3,
1448 1868 1489 1922 5,
1516 1869 1588 1914 26.
1620 1870 1632 1927 ΙΙ

167 1954 184 1986 .”
203 1940 389 1994 πόντιος
414 1956 465 1985 σε
497 1939 567 1984 δεῖ
590 1939 750 1983 Heind.
776 1940 972 1984 Baeuml.
1005 1937 1330 1998 ἆπαλήθευσον
1355 1940 1425 1983 vel
1458 1936 1636 1997 ἀπαλή-

172 2007 281 2056 υἶσαι
312 2009 463 2068 steph.
501 2009 637 2066 Apud
665 2009 1004 2066 Xenophontem
1042 2025 1176 2066 quum
1212 2009 1409 2052 infinitivi
1445 2021 1524 2067 pro
1554 2009 1636 2052 im-

169 2078 188 2141 ’ῥ
212 2080 300 2124 tivo
324 2080 453 2138 positi
478 2078 674 2136 exempla
698 2085 772 2122 aut
796 2078 928 2123 dubia
953 2079 1055 2131 sint,
1082 2086 1130 2123 ut
1153 2079 1255 2132 hoc,
1288 2086 1362 2123 aut
1387 2079 1634 2138 singularia,

179 2151 267 2195 An.
294 2149 335 2202 5,
362 2150 403 2202 3,
432 2149 500 2201 13,
532 2149 616 2192 nisi
639 2148 756 2205 quod
779 2147 953 2192 Platoni
976 2148 1176 2193 tribuitur
1199 2149 1329 2193 etiam
1352 2148 1638 2207 Xenophonti

162 2216 340 2273 medas,
372 2218 645 2264 scribendum
670 2218 851 2273 πάντως
877 2219 957 2272 δεῖ,
985 2219 1084 2279 ἔφη.
1111 2218 1129 2274 ΙΙ
1161 2220 1229 2265 13.
1255 2220 1383 2265 Libri
1406 2217 1434 2279 ἢ
1459 2221 1535 2265 καὶ
1561 2217 1634 2274 ὥς.

172 2291 214 2341 4.
241 2289 506 2336 ἐπισκοπεῖν
525 2289 701 2334 Hirsch.
722 2289 850 2334 Misc.
873 2290 911 2343 1,
938 2290 1035 2334 111.
1061 2291 1115 2334 ln
1140 2305 1233 2348 sqq.
1254 2291 1475 2349 vulgatam
1494 2298 1637 2335 tuetur

165 2362 176 2373 '
197 2365 256 2407 or¹
281 2359 591 2419 Neapolitanus
628 2359 892 2413 Philodemi,
931 2360 1053 2405 cuius
1091 2360 1224 2405 verba
1253 2360 1327 2405 De
1357 2361 1431 2404 vit.
1464 2368 1506 2404 et
1536 2361 1631 2404 virt.

166 2431 240 2490 248.
268 2429 430 2475 Goettl.
452 2430 537 2474 huc
560 2431 785 2488 pertinent.
811 2429 1080 2488 Eodemque,
1107 2447 1195 2474 non
1219 2431 1274 2474 ad
1294 2431 1405 2474 Plat.
1424 2430 1636 2475 Menexe-

138 2510 227 2557 um,
242 2514 353 2556 quae
367 2501 578 2543 sententia
591 2506 655 2544 est
671 2499 827 2544 Cobeti
842 2498 921 2544 Or.
936 2500 990 2544 de
1003 2506 1093 2544 arte
1107 2501 1275 2557 interpr.
1291 2500 1390 2552 102,
1410 2500 1636 2545 referenda

83 2573 209 2618 sunt
239 2568 373 2616 verba
399 2570 467 2622 10,
494 2569 565 2621 34,
591 2585 632 2613 v.
662 2568 825 2628 Saupp.
858 2585 900 2628 p.
928 2570 997 2614 32.
1025 2569 1042 2626 ΙΙ
1075 2569 1143 2614 15.
1176 2570 1348 2615 τούτων
1372 2571 1634 2630 ιπραιτοίιιιέ-

87 2631 91 2640 ·’
137 2637 194 2685 ν
224 2638 270 2702 οἱ
301 2637 416 2684 οἶκοι
446 2654 531 2683 om.
562 2639 734 2684 Philod.
760 2640 831 2693 42,
860 2640 928 2693 17,
956 2640 1037 2683 del.
1071 2639 1249 2684 Hirseh.
1281 2640 1437 2686 Phssol.
1464 2641 1506 2694 5,
1532 2642 1631 2686 296.

160 2701 244 2766 ehi,
278 2709 416 2754 Conv.
441 2708 512 2753 48.
546 2707 757 2754 Ordinem
786 2716 930 2754 autem
961 2709 1190 2754 verborum
1220 2710 1303 2755 loci
1335 2727 1357 2754 a
1389 2711 1634 2755 Philodemi

162 2777 341 2829 ‘oribus
372 2778 484 2823 italis
516 2785 727 2823 mutatum
757 2780 853 2823 tuiti
884 2784 982 2824 sunt
1009 2778 1299 2839 Goettlingius
1327 2781 1424 2826 189.
1451 2787 1491 2825 et
1518 2780 1636 2825 Har-

254 2850 282 2906 ’β’
295 2849 366 2894 24.
385 2848 403 2904 ΙΙ
430 2848 497 2893 16.
513 2848 711 2894 Alterum
726 2853 801 2895 σοί
818 2850 901 2895 del.
917 2845 1069 2904 Mehl„
1089 2851 1208 2909 prius
1223 2858 1370 2896 contra
1382 2851 1632 2896 Weiskium
