1784 3136
270 749 441 845 agal-g·
477 795 547 846 γρ.
576 762 854 847 κεκτημένος)
890 787 950 832 D.
982 788 1037 832 E.
1068 751 1125 832 L.
1136 752 1347 846 τέκτησο
1378 787 1437 832 Α.
1471 750 1587 832 Viet.
1617 786 1632 845 {l

226 868 340 915 ³90⁶?
358 856 468 901 Cob.
495 857 595 901 Vid.
622 857 693 901 Fr.
718 857 881 901 Frank.
907 858 1064 901 Philol.
1094 857 1246 916 Suppl.
1276 860 1314 910 1,
1340 857 1428 902 458
1456 873 1518 914 sq.

193 924 249 1015 ξιι
273 925 358 976 file
384 923 556 986 ifiqcov'
537 945 564 985 η
589 927 847 985 τυραννικός
873 927 925 971 C.
952 928 1009 971 L.
1321 945 1328 957 ‘

652 1170 1084 1217 AGESILAUS.

194 1276 285 1322 cn».
313 1276 353 1330 1,
381 1278 419 1321 1.
445 1279 495 1321 τέ
519 1284 561 1321 et
587 1274 628 1321 δ’
658 1293 741 1321 om.
763 1277 816 1321 C.
836 1277 853 1332 Η
880 1275 956 1322 διὰ
981 1281 1115 1321 τοῦτο
1141 1278 1269 1321 etiam
1294 1276 1500 1321 Ambros.
1517 1277 1630 1322 Vict.

206 1343 325 1390 {ante
354 1346 562 1403 τυγχάνοι
587 1346 670 1390 del.
699 1345 920 1390 Sehaeser.
948 1346 966 1400 ΙΙ
996 1347 1036 1390 2.
1064 1344 1265 1397 ὁπόστος
1295 1363 1364 1399 τις
1388 1347 1454 1389 vir
1478 1347 1631 1390 doctus

227 1414 369 1459 ³5Heil.
405 1414 477 1459 De
509 1415 608 1464 dial.
640 1415 757 1459 Xen.
791 1415 831 1459 6.
857 1414 876 1470 ΙΙ
904 1415 946 1459 4.
978 1419 1058 1460 τοῦ
1091 1431 1220 1472 προτ.
1255 1414 1307 1459 C.
1335 1413 1392 1459 G.
1424 1415 1631 1460 Ambros.

202 1483 332 1530 (ΟΜ.
356 1482 409 1530 τὸ
435 1502 512 1546 πρ.
532 1484 550 1541 Η
572 1489 653 1543 μέν
677 1500 891 1543 supersor.
911 1501 968 1529 m.
991 1486 1030 1529 1.
1056 1485 1275 1537 Ambros„
1301 1492 1444 1529 tamen
1469 1491 1519 1529 ut
1536 1494 1634 1530 ante

228 1570 380 1602 rasura
394 1555 587 1614 quinque
606 1556 696 1602 fere
709 1555 946 1600 litterarum
966 1556 1034 1600 sit.
1054 1554 1071 1611 Η
1098 1552 1413 1609 ἀδιάσπαστος
1428 1554 1632 1601 Schneid.

216 1625 434 1678 σπάστως
451 1625 561 1669 libri.
590 1623 709 1670 Olim
729 1627 892 1670 conieci
911 1626 1184 1671 scribendum
1205 1624 1517 1679 ἆὸιάπαυστος
1535 1626 1632 1671 coll.

202 1692 247 1758 k.
277 1694 366 1740 An.
400 1696 439 1748 1,
472 1694 571 1739 344.
602 1694 621 1750 Η
657 1696 698 1740 6.
730 1696 802 1739 De
832 1695 1138 1754 particularum
1169 1712 1219 1754 γε
1249 1695 1335 1753 μήν
1366 1711 1449 1739 usu
1478 1695 1634 1741 Xeno·

202 1772 359 1823 ,tecm
384 1765 581 1809 Baeuml.
606 1765 742 1809 Partt.
769 1781 833 1823 gr.
860 1765 930 1809 64.
962 1765 1059 1810 159.
1099 1765 1188 1821 Qui
1211 1781 1317 1809 usus
1342 1765 1387 1808 in
1411 1765 1495 1809 hoc
1523 1765 1633 1810 libro

232 1835 370 1880 entior
392 1834 669 1879 Beekhausio
694 1834 752 1879 38
772 1849 866 1891 sqq.
892 1835 1098 1879 indicium
1123 1834 1287 1878 alienae
1312 1834 1489 1893 originis
1515 1835 1634 1880 vide-

205 1900 315 1950 e'sse.
346 1904 365 1959 Η
399 1901 483 1962 ἤδη
516 1905 644 1948 etiam
678 1903 730 1948 C.
761 1904 780 1957 Η
817 1903 882 1948 ἔτι
911 1905 992 1960 μὲν
1022 1907 1119 1956 νέος
1151 1901 1212 1948 ὤν
1244 1911 1448 1961 suspecta
1479 1902 1632 1949 Grotio

211 1972 235 2028 ‚f
250 1973 327 2019 Gr.
346 1972 388 2027 5,
410 1973 507 2017 194.
528 1972 581 2017 V.
608 1989 707 2018 ann.
734 1974 776 2025 2,
801 1973 872 2017 28.
892 1975 911 2029 Η
937 1973 975 2016 7.
1002 1972 1631 2031 πεντήκοντα-τρισχιλίους

203 2039 453 2089 .-·³Correxit
487 2042 817 2103 Hutohinsonus
853 2058 908 2087 ex
943 2042 1060 2086 Hell-.
1093 2043 1134 2096 3,
1166 2043 1208 2096 4,
1239 2043 1282 2087 2.
1319 2042 1436 2086 Plut.
1468 2044 1631 2102 Ag..6.

178 2113 343 2163 ἄκοντα
365 2111 428 2156 Η.
454 2110 472 2166 ΙΙ
501 2116 583 2156 τοῦ
616 2112 872 2170 στρατεύειν
901 2113 1082 2157 Leoncl.
1115 2113 1169 2157 al.
1204 2111 1295 2157 Sed
1319 2128 1359 2157 v.
1389 2112 1494 2172 Cyr.
1521 2114 1563 2167 8,
1591 2115 1631 2167 1,

204 2181 358 2228 BLao.
385 2181 454 2234 13,
482 2182 522 2225 1.
557 2181 664 2226 Oec.
695 2182 737 2235 4,
770 2182 812 2227 3.
844 2182 885 2234 6,
911 2182 952 2226 9.
983 2186 1064 2226 τοῦ
1096 2183 1290 2226 additum
1323 2182 1496 2226 Comm.
1523 2185 1563 2235 1,
1589 2184 1631 2235 3,

198 2250 220 2308 H
250 2252 291 2297 8.
317 2250 370 2297 τό
395 2258 495 2310 post
520 2249 711 2309 ἐκρίνετο
743 2251 843 2294 addi
873 2251 1001 2295 iussit
1023 2251 1235 2295 Hertlein.
1270 2251 1464 2301 Coniect.
1493 2252 1532 2304 l,
1561 2252 1629 2296 13.

206 2346 226 2379 2
245 2321 402 2381 „magis
428 2337 527 2366 cum
551 2320 903 2366 antecedentibus
928 2322 1126 2380 congruit
1150 2336 1280 2379 quam
1305 2322 1421 2378 quod
1439 2321 1631 2384 Dindot-
