1784 3136
134 828 187 871 ,ἐ
182 848 199 866 Τ

200 875 205 878 ·
224 847 393 923 -Phonti
417 864 741 911 admirationem
763 865 943 908 moverit
964 864 1131 909 Cobeto
1150 865 1307 909 indicio
1332 873 1398 909 est
1423 865 1638 922 quaedam

107 991 118 1002 Δ
136 927 154 951 Τ·
176 927 482 1002 'firtel-cidisse,
507 949 619 991 quae
643 935 788 991 qualia
812 935 983 987 fuerint,
1009 950 1033 978 e
1058 935 1196 978 Thuc.
1222 934 1265 986 5,
1292 935 1363 980 66.
1389 936 1493 979 satis
1519 951 1637 980 com-

207 1190 453 1271 Πιστρέψας
475 1214 644 1258 Morus.
668 1212 795 1257 Libri
820 1216 1091 1270 συστρέψας.
1111 1212 1130 1267 Η
1155 1214 1195 1258 8.
1220 1213 1344 1269 μάλα
1365 1214 1485 1259 cast.
1506 1214 1635 1258 Libri

206 1280 344 1351 ’.11Ἶοῦ
364 1285 613 1340 κεκριμένῳ,
640 1282 831 1326 nondum
856 1282 1036 1339 probato
1055 1289 1129 1326 aut
1153 1284 1345 1326 nondum
1368 1284 1413 1325 in
1439 1283 1634 1327 ordinem

210 1565 233 1606 ν
261 1568 360 1619 'post
390 1567 492 1604 sect.
524 1560 565 1604 6.
598 1561 859 1617 transposita
888 1561 1057 1603 mavult
1085 1560 1220 1604 Stein.
1252 1562 1328 1605 26:
1371 1563 1439 1605 Es
1469 1564 1524 1604 ist
1554 1564 1633 1604 den

208 2119 261 2164 δέ
284 2118 455 2163 Weisk.
482 2116 500 2173 ΙΙ
531 2115 630 2177 μήτ’
654 2116 888 2174 ἐνδεῖσθαι
918 2117 1053 2162 Dind.
1085 2118 1211 2163 Libri
1240 2118 1352 2177 μήτε
1384 2119 1586 2165 δεῖσθαι.
1609 2119 1626 2176 ΙΙ

207 2192 342 2250 ’ρείων
362 2188 471 2233 Cob.
491 2186 510 2243 ΙΙ
534 2189 575 2232 6.
603 2185 682 2233 οὐκ
705 2195 804 2247 post
822 2187 938 2246 πλήν
956 2205 1094 2246 neque
1113 2189 1245 2233 habet
1261 2189 1398 2233 Nicol.
1419 2190 1626 2234 Damaso.

217 2260 221 2262 ’
249 2257 372 2303 Stob.
404 2258 471 2302 Fl.
502 2257 574 2311 44,
607 2258 678 2302 40.
718 2256 849 2318 (πλὴν
881 2256 1076 2318 ἐφόρων)
1112 2274 1252 2316 neque
1288 2259 1464 2304 Heracl.
1497 2259 1627 2304 Pont.

203 2328 368 2389 gCrag.
394 2329 450 2374 V.
484 2345 583 2373 ann.
614 2328 738 2373 Hier.
775 2328 813 2382 1,
848 2329 918 2374 18.
950 2328 968 2383 ΙΙ
1008 2329 1046 2374 7.
1078 2327 1190 2373 κατὰ
1224 2333 1341 2388 μῆνα
1378 2338 1626 2387 suspectum

201 2404 290 2443 eto:
316 2398 436 2442 malit
459 2397 550 2458 πρὸ
575 2402 653 2457 τῆς
679 2395 813 2457 ἀρχῆς
838 2414 861 2442 e
885 2398 981 2443 Nic.
1001 2399 1133 2444 Dam.
1153 2400 1181 2443 l.
1202 2415 1238 2443 c.
1264 2399 1351 2457 legi
1376 2415 1429 2442 ex
1455 2399 1628 2443 eodem-

209 2475 284 2512 aut
306 2471 385 2526 τῆς
409 2468 587 2521 πόλεως
610 2469 755 2512 induci
780 2475 853 2512 aut
877 2471 1117 2524 κειμένους.
1145 2470 1200 2514 V.
1230 2468 1403 2513 Schaef.
1430 2469 1502 2513 De
1528 2469 1626 2528 eph.

236 2536 305 2583 19.
331 2536 349 2592 ΙΙ
380 2538 422 2583 8.
455 2538 571 2583 οἴκοι
601 2538 683 2583 del.
712 2538 823 2583 Cob.
849 2537 866 2593 ΙΙ
898 2535 938 2583 9.
971 2542 1025 2599 τῇ
1058 2539 1107 2583 δέ
1131 2539 1198 2583 ed.
1225 2539 1328 2584 Hal.
1355 2539 1498 2585 Hertl.
1527 2539 1628 2585 325.
