1784 3136
122 279 306 323 Leonel.
334 277 467 324 Sehn.
487 279 506 336 ΙΙ
534 278 662 322 Libri
686 277 752 331 ,εἰς
777 278 1052 332 διακοσίους.
1066 280 1104 337 ss
1113 252 1323 334 {unffi
1342 301 1379 338 s'

125 346 458 409 εὗπιστότερον.
478 347 496 404 ΙΙ
520 346 562 393 5.
588 347 782 408 καθήκει
799 347 1020 394 Budaeus.
1045 355 1144 403 τοῖς
1165 350 1379 406 καθιστᾶῇ
1713 360 1740 398 ,“
1772 401 1776 405 ,

122 421 296 478 parchis
326 418 480 463 Herm.
511 418 585 462 De
616 419 765 475 equitt.
797 426 871 463 att.
903 419 974 464 26.
1006 419 1067 463 Η.
1102 417 1269 477 Saupp.
1298 409 1458 471 Phuni.
1510 472 1518 474 ,.
1583 445 1587 457 -’
1649 416 1670 421 ..
1705 428 1710 432 ”

123 490 199 547 qui
229 495 357 533 antea
388 485 476 533 ὅτε.
502 486 520 543 Η
550 486 603 533 τὸ
636 487 826 534 ἱππικὸν
856 489 999 535 τελεῖν
1029 504 1165 547 quum
1194 479 1468 543 Βοθοὶῐὶιίςίιῇἓἰ
1516 483 1518 485 ’

122 560 304 603 dixisset
327 574 416 603 non
441 559 686 617 significare
711 566 957 617 equestrem
982 575 1188 615 censum,
1215 560 1294 606 sed
1317 574 1458 627 peeun

119 644 240 681 vere,
273 643 360 685 qua
390 629 488 686 quis
520 644 633 686 equo
664 630 857 673 merendi
881 629 1184 673 necessitatem
1209 628 1293 673 sibi
1317 626 1588 689 imposittq»

120 699 271 752 dimat,
298 715 395 743 eam
421 700 678 743 sententiam
703 715 939 758 aggressus
963 700 1001 743 I.
1022 699 1190 744 Bakius
1216 697 1364 744 Schol.
1383 699 1414 743 h

123 769 208 814 151
236 784 329 825 sqq.
355 769 574 812 redemtae
599 768 718 826 apud
742 768 1035 813 Athenienses
1060 769 1238 813 militiae
1262 775 1337 813 aut
1361 768 1513 818 cuium

119 839 311 883 muneris
349 838 595 897 exemplum
632 845 676 882 et
712 839 1009 882 auctoritatem
1044 854 1185 896 neque
1221 854 1268 883 se
1304 839 1521 897 reperisse

119 924 259 966 neque
273 908 400 952 facile
413 923 675 965 quemquam
688 908 917 952 allaturum
929 915 1080 967 putare
1088 926 1100 962 ;
1125 925 1204 967 pro
1222 909 1470 968 peregrinis
1480 924 1510 966 q

118 978 394 1023 κατάστασιν
415 977 601 1021 solutam
618 978 757 1021 videri
775 978 830 1022 ab
848 979 916 1031 iis,
943 979 1018 1035 qui
1036 978 1146 1023 alius
1167 979 1251 1022 alia
1268 978 1323 1023 de
1348 994 1507 1024 caussa

118 1049 295 1092 militiae
322 1063 452 1092 onere
478 1049 674 1092 excusati
699 1054 858 1092 essent.
899 1047 999 1104 Qua
1022 1049 1077 1092 de
1101 1064 1147 1092 re
1172 1055 1305 1106 quum
1327 1046 1494 1107 Sauppi
1525 1097 1528 1098 ⁷
1552 1107 1556 1110 ἡ

118 1119 180 1162 ita
210 1118 536 1175 disputavisset,
577 1124 623 1159 ut
654 1118 890 1161 vacationis
928 1118 1238 1161 redemtionem
1274 1133 1363 1161 non
1397 1117 1651 1178 Ριιΐεῑιι·.θέ;ξῆ“,,ι

118 1195 258 1232 aetate
289 1195 331 1231 et
362 1187 573 1231 sententia
602 1186 908 1244 Xenophontis
940 1186 1126 1230 alienam
1155 1187 1311 1240 fuisse,
1342 1181 1647 1294 indicium‘ssi*

119 1273 245 1301 suum
285 1256 432 1300 Schol.
470 1256 675 1313 hypomn.
714 1256 890 1308 5,155.
929 1256 1122 1299 defendit
1158 1255 1324 1299 Mnem.
1364 1256 1403 1308 8,
1436 1256 1572 1299 217

115 1327 406 1385 propositum,
442 1325 573 1369 verba
605 1332 749 1370 autem
783 1321 855 1370 ότι
879 1350 937 1357 --
964 1324 1175 1370 ἱππεύειν
1200 1325 1384 1370 delenda
1413 1324 1543 1369 dixit
1538 1330 1581 1371 ὀ

118 1397 313 1441 Curerio.
334 1395 351 1449 ΙΙ
377 1397 608 1439 πλουσίων
625 1398 712 1450 μέν
737 1395 872 1438 Dind.
900 1395 1002 1440 Vid.
1028 1395 1151 1438 Hier.
1179 1395 1219 1447 9,
1248 1395 1287 1439 7.
1308 1394 1326 1448 ΙΙ
1357 1396 1397 1439 6.
1425 1393 1491 1447 εἷς
1515 1393 1655 1460 {fimf

116 1466 194 1511 κόν
219 1465 331 1509 Bak.
356 1464 453 1508 Mn.
481 1465 522 1517 8,
549 1464 648 1509 224.
679 1463 825 1509 Sehol.
852 1464 1058 1524 hypomn.
1085 1463 1126 1518 5,
1156 1463 1253 1509 153.
1284 1464 1380 1509 161.
1407 1464 1503 1509 0011.
1523 1461 1585 1512 Vs

116 1537 158 1589 2,
192 1537 232 1580 3.
257 1538 275 1592 Η
307 1537 346 1580 9.
387 1532 483 1579 οὐδ’
513 1531 603 1593 ὅτω
643 1536 860 1591 (Leonel.)
900 1532 1268 1592 συμβουλεύσαιτ’
1297 1532 1350 1579 ἄν
1388 1534 1492 1579 Cur.
1522 1535 1659 1592 Lib}

116 1604 212 1650 οὐδ’
230 1602 349 1651 ου’τω
377 1604 463 1660 (vel
490 1600 637 1657 ὅπως)
664 1606 865 1662 συιιβου)
869 1604 998 1648 εύσαι
1023 1604 1093 1648 vel
1119 1605 1464 1661 συμβουλεῦσαι.

605 1849 693 1892 DE
720 1849 801 1892 RE
827 1834 1165 1904 EQUESTRI.

203 1973 292 2001 CAP.
323 1956 362 2008 1,
392 1956 431 1999 1.
463 1955 699 2011 νομίζομεν
726 1954 897 1999 Weisk.
924 1953 1052 1998 Libri
1076 1954 1337 2011 νομίζωμεν.
1366 1955 1384 2011 Η
1409 1949 1664 2013 Ἀθήνησιψ

107 2025 375 2071 Ἐλευσίνιον
395 2025 505 2069 Cob.
528 2026 581 2069 N.
602 2026 659 2069 L.
678 2025 775 2068 781.
794 2024 922 2068 Libri
940 2025 1169 2068 invertunt.
1199 2024 1270 2080 Cf.
1290 2024 1424 2069 Paus.
1447 2024 1486 2077 1,
1509 2023 1586 2080 14,
1636 2080 1649 2091 2

113 2095 166 2141 τὸ
188 2093 427 2153 Ἀθήνησιν
454 2094 585 2153 ἱερόν,
613 2093 885 2149 καλούμενον
912 2093 960 2137 δὲ
980 2090 1259 2139 Ἐλευσίνιον.
1285 2094 1395 2153 Lys.
1416 2109 1453 2140 0.
1476 2086 1649 2155 Ans?

110 2167 153 2210 4.
181 2165 198 2221 Η
231 2164 528 2222 ἐξαλείψομεν
561 2163 671 2208 Cob.
698 2162 716 2218 ΙΙ
747 2161 1114 2220 ἀξιοπιστότεροι
1148 2164 1330 2208 Leoncl.
1361 2164 1491 2208 Libri
1515 2188 1586 2201 -«

111 2236 183 2280 vel
208 2261 266 2267 —-
292 2251 334 2278 α.
361 2233 379 2290 ΙΙ
408 2234 542 2278 Dind.
579 2233 821 2286 ἱππωνίαν,
862 2233 980 2290 quod
1014 2232 1112 2277 libri
1148 2233 1308 2278 habent
1337 2233 1474 2292 Hipp.
1508 2233 1582 2295 l,

109 2322 197 2350 non
221 2305 385 2349 habent
408 2305 521 2348 infra
546 2305 586 2356 3,
615 2304 654 2347 1.
681 2302 699 2358 ΙΙ
732 2304 771 2347 3.
800 2300 827 2361 ἢ
851 2306 1064 2347 ταπειναί
1087 2303 1171 2348 del.
1197 2304 1332 2348 Dind.
1372 2302 1505 2348 Simo·
1527 2300 1552 2348 ὃ

113 2374 265 2435 ἀγαθὴ
285 2373 312 2435 ἡ
332 2374 521 2433 -μήτε
546 2375 742 2418 πλατεῖα
766 2373 878 2430 μήτε
903 2370 1055 2432 ὑψηλὴ
1083 2371 1208 2432 ἄγαν.
1228 2372 1246 2428 Η
1270 2373 1311 2418 5.
1338 2377 1488 2429 παχέα
1501 2369 1587 2419 -al't

109 2446 207 2491 1000
228 2445 333 2489 Cur.
359 2445 487 2489 Libri
512 2447 737 2499 παχείαις.
758 2442 775 2498 Η
801 2443 841 2487 8.
869 2443 923 2488 τό
950 2450 1049 2501 post
1073 2440 1199 2501 ὄμμα
1212 2443 1439 2488 Weiskius
1472 2464 1509 2483 ι·

114 2515 130 2575 Η
149 2515 511 2573 συγ-κάμπτοντες
527 2514 636 2559 Cob.
654 2512 776 2559 Simo
798 2511 821 2558 ὁ
844 2510 979 2573 αὐχὴν
999 2518 1411 2572 κατακαμπτέσθω.
1431 2513 1448 2569 [Ι
1466 2511 1499 2575 ἥ

111 2585 247 2631 Schn.
273 2583 402 2628 Libri
428 2583 588 2643 ἕτεραι.
609 2586 626 2641 ΙΙ
653 2585 722 2628 11.
749 2585 823 2628 καὶ
847 2588 911 2642 τῷ
939 2584 1117 2641 σώματι
1135 2584 1308 2640 Βὶῐιᾶ.ἸΙ
1333 2585 1461 2646 ῥάχις
1483 2600 1511 2644 y

108 2655 275 2701 addidit
296 2654 517 2699 Curerius.
543 2652 620 2712 τὴν
647 2654 695 2699 δὲ
721 2652 950 2712 ἆκρωμὶαν
977 2651 1039 2707 ὥς
1062 2658 1273 2714 μεγίστην
1297 2656 1373 2699 καὶ
1396 2653 1510 2714 τὴν-ἱ·

107 2725 190 2778 τὰς
217 2726 266 2769 δὲ
291 2722 491 2782 πλευρὰς
517 2724 807 2777 πλατυτάτας
826 2726 906 2769 καὶ
938 2728 1211 2781 καθειμένας
1242 2725 1364 2769 κάτω
1392 2716 1516 2769 Simo

106 2797 153 2841 in
176 2796 245 2841 his
272 2801 313 2840 et
338 2795 545 2853 proximis
577 2796 763 2840 eundem
794 2795 1092 2854 descriptionis
1119 2796 1313 2840 ordinem
1338 2786 1650 2858 servat.-ssjj3,j²
