1784 3136
690 205 702 210 ‘
730 189 795 233 ὗε·
812 188 1060 238 annom.
1614 185 1668 230 71

399 284 720 354 ᾖσθᾶνοντο.“ΙΙ’
733 294 801 338 11.
818 293 950 351 Quod
966 310 1047 353 pro
1064 293 1281 379 πρόοιντο
1296 293 1414 352 apud
1427 291 1667 337 Stobaeum

383 362 496 417 εἶσι,
511 363 734 409 Nauckius
759 364 801 419 2,
826 380 870 424 p.
890 381 946 409 1v.
972 364 1109 409 Mein.
1129 365 1174 409 in
1199 362 1331 425 ἀργοὶ
1355 360 1444 408 εἶεν
1468 362 1664 407 mutavit.

201 446 310 501 ⁴434?-
336 433 406 490 13,
434 435 473 479 1.
507 430 561 479 οἶν
590 441 704 491 ante
722 431 864 492 ἄνδρα
893 435 977 479 del.
1002 434 1137 478 Dind.
1164 433 1182 490 Η
1211 435 1253 478 2.
1280 432 1515 494 διατριβήν
1541 432 1664 476 Cast.

267 496 546 564 διατρίβειν.
566 504 585 561 ΙΙ
607 504 751 562 μάτην
777 504 953 549 seclusit
977 502 1110 548 Schn.
1130 503 1148 559 ΙΙ
1172 504 1212 548 3.
1237 503 1560 548 Adverbiorum
1583 519 1666 559 με-

314 572 573 630 -μειζόνως,
606 577 830 631 μεγίστως
852 573 1061 617 rationem
1085 573 1339 631 plerumque
1364 572 1542 617 dubiam
1567 587 1664 616 esse

248 640 349 690 aim.
376 641 481 702 Cyr.
507 643 549 696 2,
570 643 610 696 1,
635 643 705 688 13.
741 642 874 687 Addo
898 642 1036 701 Ages.
1058 643 1126 695 11,
1149 643 1217 688 16.
1243 642 1459 699 μειζόνως
1483 643 1664 687 dubium

264 713 294 757 l.
321 728 360 757 c.
390 712 479 756 An.
505 713 546 765 6,
574 712 614 765 1,
640 712 711 756 20.
743 713 873 769 idque
906 713 1023 769 quod
1052 712 1214 756 Blomf.
1247 713 1386 756 Thuc.
1415 713 1455 765 1,
1482 713 1588 765 130,
1621 713 1662 756 2.

263 812 277 836 ,
292 782 294 786 ’
311 783 352 827 1.
384 781 704 840 comparatione
728 796 880 825 carere
912 783 1021 825 dixit
1050 782 1265 841 Hagenus
1296 782 1369 825 De
1398 782 1496 825 adv.
1530 798 1595 839 gr.
1624 783 1663 834 1,

191 851 418 913 ᾃῖγθτιιω
441 866 538 895 esse
562 853 751 909 negavit.
771 850 789 905 ΙΙ
812 851 855 894 4.
881 848 1018 909 αὐτῆς
1041 855 1119 909 τῆς
1145 851 1325 909 φύσεως
1344 851 1516 894 Weisk.
1537 851 1665 894 Libri

201 911 376 981 ''aitfig
400 936 449 979 φ.
476 927 519 965 et
542 918 619 965 τὸν
645 917 836 978 ἀγαθόν.
861 920 903 964 Ε
929 921 1080 965 Ioann.
1107 921 1311 965 Damaso.
1336 920 1495 965 Parall.
1522 921 1563 975 2,
1592 921 1662 974 13,

258 985 301 1049 p.
317 983 516 1035 'Meinek
540 989 663 1034 Stob.
684 990 752 1034 Fl.
772 990 815 1043 4,
837 990 935 1034 198.
961 997 1009 1033 ut
1028 990 1080 1034 τό
1107 991 1167 1034 ita
1190 995 1268 1048 τῆς
1294 989 1455 1034 ἑαυτοῦ
1481 991 1663 1049 φύσεως

275 1059 309 1104 't
330 1059 465 1104 Dind.
484 1062 503 1117 ΙΙ
527 1059 569 1104 6.
595 1059 729 1104 καλόν
756 1059 876 1104 Cast.
903 1063 1154 1120 γέγραπται
1177 1076 1235 1103 m.
1255 1060 1313 1103 A.
1333 1060 1350 1115 Η
1375 1060 1415 1104 9.
1444 1060 1533 1116 Qui
1555 1061 1664 1105 haec

266 1129 455 1188 phontea
479 1144 579 1173 cum
602 1130 831 1173 Isocrateis
857 1136 1132 1188 componunt,
1159 1130 1215 1173 ad
1239 1129 1498 1174 vocabulum
1523 1133 1667 1174 κοινοί

272 1199 346 1244 33.
372 1204 416 1243 et
440 1205 542 1243 sect.
570 1214 633 1255 sq.
660 1199 716 1242 ad
739 1200 1001 1253 πλεονεξίας
1030 1199 1196 1257 Paneg.
1221 1199 1292 1244 48.
1324 1199 1479 1244 afferre
1503 1200 1662 1243 volent.

288 1268 420 1313 ensel.
463 1284 506 1327 p.
545 1268 645 1313 381.
681 1268 782 1313 261.
814 1267 833 1323 Η
870 1269 938 1314 10.
979 1268 1129 1322 ἰόντας
1164 1266 1262 1333 μήτ’
1301 1268 1436 1313 Dind.
1473 1269 1599 1313 Libri
1633 1269 1663 1313 ι’.

216 1329 227 1376 s
249 1371 260 1383 .
279 1337 298 1393 ΙΙ
322 1335 495 1396 ἀνδρῶν
518 1338 699 1418 ,Leond'
725 1338 853 1382 Libri
878 1336 1036 1383 αὖτιῦν.
1056 1338 1074 1392 ΙΙ
1101 1339 1169 1383 12.
1196 1339 1270 1383 καὶ
1291 1338 1336 1383 οἱ
1354 1339 1435 1395 μὲν
1456 1338 1533 1383 ἐπὶ
1559 1338 1665 1393 τοὺς
