1784 3136
108 225 179 302 16.
217 254 414 317 παραδῷ
446 254 620 300 Weisk.
649 256 669 314 Η
705 238 853 313 α-λλως
912 308 917 315 ‚
1007 287 1019 299 .
1079 252 1240 316 Q

108 324 238 383 Quae
273 326 328 370 de
363 326 537 369 incessu
573 339 783 382 equorum
820 325 991 384 scripta
1015 331 1144 378 sunt,
1170 322 1253 383 pos

107 397 380 442 notissimam
415 395 820 441 commentationem
857 410 909 440 ac
945 392 1197 454 diligentem
1313 386 1317 390 ¹
1341 387 1344 389 *

107 466 336 510 illustravit
371 466 502 511 etiam
538 464 807 510 Ruestovius
842 465 890 508 in
923 464 1035 509 libro
1069 465 1201 509 Milic.
1240 462 1409 523 Bioqo·

110 535 150 579 1.
176 536 412 580 Librorum
439 535 587 580 ἱππέα
612 532 675 589 ὥς
700 532 1034 619 ἀναβησόμενον
1057 533 1240 579 Leoncl.
1267 534 1466 587 correxit.

109 622 164 650 αν
190 602 330 649 ἀνιῶν
353 606 424 649 vel
450 602 589 651 ἀνιών
613 606 725 650 libri.
757 602 859 662 μήτ’
883 622 937 649 αν
962 601 1134 662 ἆνιμιῦν
1168 603 1321 663 Steph.
1350 604 1441 663 ’μήτ

107 678 273 735 τριχῶν
299 674 404 724 Cur.
431 682 474 720 et
499 674 576 720 ἐάν
599 676 742 734 posito
765 674 902 719 Dind.
927 673 947 730 ΙΙ
976 674 1019 720 2.
1043 673 1158 733 μηδέ
1181 673 1334 719 Herm.
1359 673 1450 719 Lib

114 743 129 802 Η
157 743 512 804 ὖπερβιβασάτω
540 744 650 788 Cob.
676 746 733 790 V.
759 745 816 788 L.
844 745 944 788 304.
970 745 1024 788 N.
1052 744 1151 789 784.
1176 744 1253 788 ubi
1277 750 1320 788 et
1343 760 1426 790 κατ

109 814 152 863 5,
184 819 385 873 καθῆται
416 814 475 859 Α.
506 814 710 873 κάθηται
747 813 852 859 Cur.
890 814 1009 872 quod
1045 814 1162 873 apud
1197 814 1333 860 Dind.
1370 829 1395 859 e
1415 815 1427 826 '

93 891 188 927 est.
208 884 226 939 ΙΙ
252 883 330 928 ἐπὶ
356 885 521 943 δίφρου
549 883 660 928 Cob.
680 884 698 940 ΙΙ
724 881 870 943 ὀρθός
894 885 1034 941 priore
1061 884 1157 927 loco
1184 883 1288 927 Cur.
1312 876 1442 929 Libri

112 951 127 1011 ss
152 952 193 997 6.
219 954 630 1010 κατακεκλασμένος
662 952 773 998 Cob.
802 952 901 998 785.
942 951 1139 1012 Simplex
1167 951 1396 999 Dindorfio

71 1046 76 1048 -
107 1022 292 1067 videtur.
317 1022 337 1077 ΙΙ
369 1024 409 1067 7.
441 1031 593 1068 ποιεῖν
622 1026 673 1067 τέ
701 1041 747 1067 τι
777 1023 914 1067 Dind.
940 1023 1073 1081 Vulg.
1105 1014 1261 1068 πονεῖν
1286 1023 1356 1067 vel
1379 1039 1508 1086 note

112 1089 129 1149 ΙΙ
152 1091 194 1136 8.
220 1091 336 1151 λάβῃ
364 1091 485 1138 Cast.
514 1090 576 1151 ὥς
602 1092 754 1151 Steph.
779 1093 908 1137 Libri
932 1093 1085 1149 λαβεῖν
1111 1091 1208 1146 ἕως.
1234 1092 1252 1147 Η
1283 1092 1354 1138 10.
1378 1103 1513 1152 κυφά

108 1177 238 1220 τερος
262 1161 434 1205 Pollux.
460 1162 588 1206 Libri
611 1178 743 1220 κουφ.
763 1160 781 1216 ΙΙ
807 1162 876 1204 11.
905 1160 1046 1205 Scrib.
1074 1160 1295 1220 αὖτοφυᾶ,
1329 1168 1378 1205 ut
1403 1161 1580 1219 Com

108 1230 149 1282 6,
183 1229 253 1274 13.
292 1228 452 1290 εὐφυᾶ.
484 1230 507 1287 ΙΙ
537 1231 665 1276 Libri
703 1229 1101 1291 ξπιραβδοφορεῖν.
1131 1232 1150 1287 Η
1186 1229 1376 1291 ἐπείπερ
1408 1230 1460 1276 δέ
1478 1234 1519 1258 *⁵

109 1299 182 1345 Cf.
204 1300 273 1353 12,
295 1300 336 1345 8.
362 1300 496 1360 Vulg.
524 1300 771 1359 ἐπειδήπερ
796 1301 866 1344 vel
892 1299 994 1345 ἐπεὶ
1020 1300 1071 1344 δέ
1093 1316 1195 1358 περ.
1215 1299 1233 1355 Η
1264 1299 1472 1357 ἕμβαίνοι-
1490 1325 1519 1342 v

108 1369 242 1431 Vulg.
275 1368 523 1428 ἀναβαίνοι.
550 1369 568 1425 ΙΙ
597 1369 649 1415 τὸ
677 1369 824 1429 ἕπιρρ.
851 1370 989 1414 Zeun.
1015 1369 1149 1429 Vulg.
1177 1368 1255 1415 ἐπὶ
1278 1368 1331 1415 τὸ
1356 1370 1427 1415 vel
1438 1374 1522 1431 τῷ

111 1441 182 1485 12.
221 1444 463 1500 στρέφοιτο
494 1441 630 1485 Dind.
656 1440 674 1497 ΙΙ
703 1441 944 1499 Vulgatum
982 1439 1249 1493 ἔπικλίσεως
1278 1456 1303 1484 e
1332 1440 1514 1489 Polluce

107 1517 274 1555 rectum
306 1518 384 1555 est.
409 1510 429 1566 ΙΙ
462 1511 530 1555 14.
564 1508 618 1555 ἂν
649 1513 892 1570 στρέφοιτο
925 1509 1059 1555 Schn.
1091 1509 1219 1554 Libri
1250 1507 1506 1573 ἇναστρέφο

109 1581 179 1626 17.
207 1578 321 1626 εὐθύ
344 1580 497 1639 Steph.
518 1580 537 1635 ΙΙ
561 1581 783 1637 πολέμοις
801 1580 983 1624 Leoncl.
1003 1579 1131 1624 Libri
1155 1581 1404 1637 πολεμίοις.
1424 1582 1443 1639 ΙΙ
1461 1572 1496 1626 ’1

106 1649 168 1710 μὴ
192 1649 310 1711 πρὸς
335 1649 529 1705 ἵππους,
557 1651 687 1695 etiam
711 1651 838 1708 Lips.
864 1650 1028 1694 omisso
1052 1653 1141 1694 καί.
1167 1675 1225 1682 -—-
1251 1665 1341 1694 cst.
1367 1651 1409 1704 8,
1430 1650 1472 1696 1.
1496 1644 1499 1693 J

110 1720 216 1765 Cur.
246 1721 386 1765 Haas.
419 1720 571 1764 RLac.
608 1736 652 1778 p.
685 1720 757 1765 67.
794 1719 923 1764 Libri
955 1716 1095 1779 ὅρεια.
1121 1720 1139 1776 Η
1168 1718 1211 1765 5.
1246 1718 1428 1779 ἐλλείπῃ
1506 1719 1510 1721 “

108 1790 237 1835 Libri
262 1789 448 1848 ἕναειπῆ
475 1797 519 1834 et
544 1790 712 1834 similia.
738 1790 757 1846 ΙΙ
789 1790 828 1834 7.
854 1789 1162 1847 Praeceptum,
1193 1790 1310 1846 quod
1333 1790 1379 1833 in
1409 1779 1526 1848 προν

106 1861 238 1914 inest,
265 1875 401 1917 quum
424 1858 484 1903 A.
512 1866 554 1903 et
582 1859 634 1904 C.
660 1859 874 1903 Matthiae
899 1860 944 1902 in
969 1859 1079 1903 libro
1110 1858 1273 1904 G'vieck.
1298 1859 1446 1904 Leseb.
1471 1859 1514 1913 1,

106 1930 490 1988 vituperavissent,
524 1930 782 1974 sententiam
812 1929 934 1973 verbi
965 1935 1007 1973 et
1037 1929 1081 1972 in
1107 1929 1293 1973 editione
1319 1928 1519 1989 Opuscul

107 2006 151 2044 et
181 2000 265 2044 ZA
274 1996 340 2043 W.
380 1999 509 2044 1837.
544 1998 644 2052 150,
679 1999 807 2043 1220.
847 1998 1062 2057 explicare
1099 1998 1265 2052 studui,
1303 1997 1423 2044 nulla
1457 2004 1512 2043 ut*

111 2068 289 2114 Simone
315 2076 357 2113 et
379 2069 559 2113 Polluce
587 2070 626 2122 1,
652 2070 753 2114 208.
787 2085 886 2114 esse
912 2069 1129 2113 videretur
1157 2068 1459 2127 discrepantia.
1484 2067 1504 2125 H

106 2138 244 2196 βάλοι
258 2138 368 2183 Cob.
388 2138 515 2183 Libri
536 2136 797 2196 ἆναβάλλοι.
817 2138 834 2194 ΙΙ
859 2139 900 2183 9.
923 2136 1086 2196 ὁμοίας
1103 2138 1199 2183 cod.
1216 2138 1321 2183 Cur.
1340 2138 1360 2194 ΙΙ
1384 2139 1455 2184 10.
1466 2130 1512 2183 ἆ

105 2227 185 2263 τος
210 2209 365 2268 scripsi
390 2225 489 2253 cum
510 2209 692 2254 Cobeto.
720 2209 853 2266 Quod
876 2210 1185 2268 grammaticus
1206 2209 1348 2254 Bekk.
1368 2208 1457 2255 An.
1478 2210 1519 2263 1,

107 2282 166 2336 (v.
189 2279 336 2324 Cram.
362 2278 451 2323 An.
471 2279 611 2324 Paris.
637 2279 679 2333 4,
706 2280 777 2324 92.
800 2279 904 2334 165)
927 2279 1040 2324 hano
1065 2295 1286 2339 syncopen
1308 2271 1527 2339 improbet

106 2366 159 2395 ea
189 2350 327 2394 videri
358 2350 567 2408 scriptum
598 2365 695 2395 esse
733 2347 819 2394 ἇνὰ
849 2349 1012 2407 κράτος
1048 2350 1153 2394 dicit
1187 2349 1304 2395 Lob.
1336 2348 1508 2410 Patholg

106 2420 363 2465 Dindorfius
394 2420 515 2464 varia
545 2420 672 2465 docet
703 2420 835 2465 Thes.
872 2418 938 2465 St.
964 2419 1007 2464 4.
1035 2419 1164 2474 1932,
1190 2436 1229 2465 a.
1255 2436 1353 2465 ann.
1387 2419 1505 2481 Cyr.
1694 2464 1697 2466 .

109 2490 180 2534 12.
206 2490 324 2533 Heu.
350 2490 391 2543 5,
418 2491 460 2543 3,
488 2491 528 2535 1.
555 2489 573 2546 ιι
606 2489 785 2536 ἱππότα
810 2490 915 2535 Cur.
941 2490 1069 2534 Libri
1095 2489 1306 2536 ἱππόται.
1331 2491 1351 2548 ιι
1698 2490 1701 2492 ’

104 2559 242 2603 Dind.
276 2558 409 2618 Vulg.
443 2558 763 2616 συντιθεμένω.
789 2558 808 2614 ΙΙ
837 2563 905 2604 De
928 2558 1074 2603 verbis
1107 2557 1435 2620 ἒσφαιρωμεένοιΙ
1468 2580 1495 2597 ν·

105 2631 161 2675 cf.
183 2629 323 2675 Clem.
337 2628 468 2673 Alex.
493 2628 651 2674 Strom.
672 2630 714 2682 2,
736 2629 806 2682 14,
827 2629 897 2674 60.
922 2629 960 2673 Ι.
980 2629 1176 2688 Bernays
1198 2628 1352 2689 Symb.
1372 2623 1466 2689 plui

105 2695 207 2745 305.
227 2702 245 2757 ΙΙ
271 2700 341 2745 12.
367 2697 475 2752 τοὺς
506 2697 732 2751 ἐναντίους
756 2698 813 2743 Α.
839 2698 857 2751 ΙΙ
886 2698 1040 2756 μάθοι
1065 2697 1119 2743 ἄν
1146 2699 1250 2744 Cur.
1274 2695 1415 2759 Librii

105 2770 176 2815 14.
185 2769 378 2830 Vulgata
398 2770 573 2826 ὁέξοιτο
590 2768 794 2816 Schneid.
810 2770 1006 2824 correxit,
1019 2769 1299 2830 προσδοκοίη
1311 2765 1433 2834 Dind
