1784 3136
649 619 1076 667 PRAEFATIO.

140 783 156 818 ³⁷
169 784 494 854 “voluminibus
542 795 741 841 editionis
789 811 968 855 operum
1008 795 1426 855 Xenophonteorum
1469 801 1631 841 stereo-

210 875 235 934 ᾖ
265 878 416 935 quinto
446 884 488 923 et
519 884 642 923 sexto
678 877 829 924 decem
862 877 1035 937 Scripta
1070 878 1236 923 minora
1271 893 1383 936 quae
1419 883 1631 923 vocantur

200 947 415 1006 ‘tentibus
439 960 486 1004 in
509 975 645 1004 unum
675 961 903 1005 contractis
934 975 1068 1017 quum
1099 960 1316 1004 annotatio
1347 961 1492 1005 critica
1515 975 1627 1018 pene

208 1039 216 1102 J
231 1024 356 1088 Jfacta
379 1035 514 1095 esset,
546 1041 592 1087 id
614 1056 754 1100 neque
778 1042 885 1086 mihi
915 1024 1125 1087 satisfecit
1146 1056 1287 1100 neque
1311 1041 1450 1087 doctis
1474 1041 1626 1087 iudici-

144 1167 152 1188 ·.
165 1108 378 1192 ,splacuit
419 1123 566 1181 Quare
590 1124 775 1178 librario,
801 1125 894 1169 viro
918 1124 1238 1177 honestissimo,
1263 1123 1391 1168 facile
1414 1124 1625 1182 persuasi,

134 1191 297 1255 ’Ἔίἰίιιε
322 1206 632 1265 appendiculae
657 1221 806 1251 curam
832 1207 1081 1265 susciperet.
1120 1206 1174 1250 In
1192 1220 1279 1264 qua
1297 1205 1473 1263 quidem
1491 1219 1625 1263 quum

84 1348 91 1354 Δ
215 1288 513 1346 {potissimum
549 1288 859 1333 instituendum
892 1275 1025 1341 esset,
1064 1294 1112 1331 ut
1146 1294 1249 1345 apta
1283 1288 1394 1332 inter
1429 1287 1625 1332 ultimam

65 1354 134 1434 ἐζ
202 1351 296 1421 onis
338 1376 514 1428 partem,
547 1377 590 1414 et
632 1363 851 1415 volumina
875 1370 1033 1427 'priora
1073 1369 1183 1413 ratio
1224 1369 1524 1421 intercederet,
1568 1383 1624 1412 ex

200 1440 284 1496 one
324 1465 422 1495 mea
465 1434 789 1509 opusculorum
836 1466 948 1511 pene
990 1451 1096 1495 nihil
1142 1451 1312 1509 repetii,
1361 1450 1624 1495 novissimae

171 1521 243 1578 em
263 1533 591 1577 annotationem
620 1533 874 1592 perbrevem
904 1538 1040 1577 totam
1064 1532 1154 1577 fere
1183 1533 1346 1592 recepi,
1376 1547 1431 1577 ex
1461 1531 1627 1592 ingenti

223 1611 225 1613 ’
250 1630 295 1666 m
319 1621 362 1659 et
386 1616 708 1660 annotationum
738 1615 955 1674 farragine
986 1614 1427 1660 commemorabiliora
1458 1622 1625 1659 tantum

252 1695 530 1742 iudicandum
562 1696 617 1743 de
645 1696 800 1742 horum
837 1698 1093 1757 scriptorum
1128 1703 1281 1743 natura
1317 1696 1457 1755 deque
1493 1696 1623 1742 huius

200 1779 295 1837 onis
337 1779 503 1823 ratione
545 1781 789 1824 necessaria
824 1780 954 1839 elegi,
992 1795 1017 1824 e
1052 1779 1172 1824 libris
1214 1780 1517 1838 manuscriptis
1554 1780 1625 1824 vel

222 1860 308 1906 ss-vel
338 1861 506 1906 ver10ra
540 1845 682 1916 attuli,
720 1862 776 1907 ad
805 1878 949 1908 rerum
985 1863 1298 1922 descriptarum
1335 1863 1623 1922 cognitionem

210 1943 346 2006 μῐίΙίε,
370 1957 466 1988 esse
484 1943 729 1988 viderentur
753 1950 796 1988 et
819 1944 904 1988 alia
927 1944 1140 2002 quaedam
1165 1945 1221 1988 ad
1243 1944 1417 2002 linguae
1439 1959 1622 2003 graecae

204 2046 212 2064 ·
250 2025 507 2083 pertinentia
535 2025 701 2077 addidi,
732 2025 974 2071 libellorum
1004 2032 1148 2071 tamen
1182 2027 1376 2085 ipsorum
1410 2027 1620 2072 rationem

204 2105 215 2116 ”
242 2107 245 2108 ’
270 2104 376 2152 locis
408 2105 584 2152 dubiam
615 2121 665 2153 ac
690 2122 800 2167 pene
831 2107 1103 2179 desperatam
1127 2124 1215 2155 non
1239 2109 1413 2155 omnino
1439 2115 1618 2156 conatus

40 2177 169 2281 ‘'ffiutf
190 2179 296 2233 mihi
319 2189 439 2235 visus
465 2191 692 2237 emendare
716 2191 786 2236 vel
809 2193 1046 2237 restituere.

1400 2295 1455 2343 G.
1484 2296 1532 2343 S.
