1784 3136
116 343 279 389 manno
304 350 365 388 ut
373 321 584 395 Commo
601 324 1141 404 XenophonteumConvi
1157 345 1159 347 ’

114 413 262 458 visum
299 419 365 457 est
399 427 531 469 quam
563 410 857 460 Platonicum.
907 410 1100 479 Quodsi
1103 410 1257 474 quibs
1286 466 1289 469 Α

117 498 229 541 quae
254 482 308 527 de
332 481 523 527 exercitu
548 481 785 563 amantium
811 481 958 528 sensit
969 481 1055 528 alio
1072 481 1351 563 tempore..
1312 482 1325 493 ⁶

119 833 275 878 Valck.
317 832 427 876 Cob.
465 831 565 876 639.
604 831 700 875 coll.
740 831 844 889 Cyr.
876 832 918 884 5,
951 832 993 885 3,
1024 832 1096 876 47.
1140 812 1269 876 Libri
1305 824 1491 888 αἷσχῦνο

118 902 189 947 34.-
232 901 467 946 Librorum
512 900 892 960 συγκαθεύδοντες
935 901 1000 961 (A
1037 917 1248 961 superscr.
1288 902 1355 957 ος)
1404 894 1493 964 Sis-²

119 973 317 1017 correxit.
350 972 368 1028 Η
406 972 455 1016 δέ
484 975 566 1027 μοί
593 988 643 1029 γε
673 971 731 1015 A.
763 970 781 1026 ΙΙ
818 972 888 1016 35.
920 972 1083 1017 τούτου
1116 972 1173 1016 Α.
1204 972 1223 1028 ΙΙ
1258 972 1394 1018 πόλει
1423 972 1497 1032 eiii

118 1043 343 1101 Langium
368 1041 519 1086 volunt
545 1041 630 1085 alii.
656 1041 781 1095 τάξει
808 1041 1078 1087 Cob.D0br.
1104 1042 1405 1095 Adv.1,138,
1430 1042 1503 1087 hio

124 1111 169 1157 ἐν
194 1116 258 1170 τῷ
286 1109 408 1169 αὕτιῦ
433 1114 658 1165 ταχθῶσι.
685 1109 703 1165 Η
735 1110 850 1155 αιδιῦ
878 1111 930 1155 C.
956 1111 1015 1157 V.
1043 1111 1140 1156 Cet.
1167 1111 1298 1156 αἷδιό.
1323 1113 1343 1170 ΙΙ
1371 1111 1444 1156 36.
1470 1109 1492 1156 ἒ

120 1190 287 1238 ποῖμεν
321 1181 455 1227 Schn.
486 1180 648 1225 Heind.
685 1180 812 1224 Libri
843 1179 1176 1236 ἐπισκοπῶμεν.
1203 1180 1222 1234 ΙΙ
1256 1182 1331 1225 καὶ
1363 1179 1450 1238 ἐγω
1479 1164 1567 1235 ΒΕΓΞ

119 1252 205 1311 γάρ
231 1252 288 1296 V.
308 1252 326 1305 Η
357 1251 427 1294 37.
455 1247 620 1308 α’ὁηλον
646 1264 860 1308 superscr.
888 1247 939 1293 ev'
962 1249 1020 1294 V.
1046 1249 1063 1304 ΙΙ
1093 1249 1164 1294 39.
1192 1248 1352 1309 έθηκεν
1378 1248 1492 1296 Oob.
1527 1229 1567 1304 ιζί

118 1322 300 1366 Dictum
319 1323 565 1379 κατέθηκεν
578 1319 748 1364 videtur
760 1320 814 1364 de
828 1319 983 1364 collato
995 1319 1219 1365 beneficio.
1239 1321 1258 1377 ΙΙ
1281 1321 1484 1380 προξένῳ
1497 1300 1557 1364 M

119 1392 191 1436 De
227 1391 435 1449 proxenia
469 1390 546 1442 26,
582 1396 697 1433 recte
738 1389 812 1433 ille
854 1389 1029 1446 quidem
1071 1401 1238 1450 negans
1279 1384 1557 1445 Lacetlae'mo

120 1462 314 1520 hospites
345 1460 542 1519 publicos
576 1459 741 1504 Calliae
773 1459 858 1504 dici
888 1475 1032 1518 posse.
1065 1460 1283 1520 πρόξενος
1315 1457 1357 1504 δ’
1381 1455 1425 1505 εἶ
1450 1461 1560 1525 mlxi,

122 1532 233 1576 coh.
266 1531 404 1574 Mem.
436 1530 497 1573 H.
532 1528 698 1586 saupp.
730 1529 887 1572 Phflol.
915 1529 984 1582 11,
1017 1530 1116 1574 663.
1162 1529 1294 1586 Quod
1325 1529 1496 1589 scripsi.
1555 1541 1562 1551 .

119 1600 333 1659 πρόξενοι
359 1599 408 1645 δὲ
432 1616 470 1645 κ.
491 1617 529 1644 κ.
558 1598 630 1644 Cf.
650 1598 767 1644 Hell.
788 1598 831 1653 5,
851 1599 893 1653 4,
919 1600 990 1644 22.
1010 1598 1028 1654 Η
1051 1600 1123 1645 40.
1148 1599 1333 1659 Propter
1355 1600 1473 1645 hunc
1494 1599 1530 1644 Ϊ

120 1687 207 1729 quo
234 1670 398 1714 Callias
423 1669 745 1712 Eleusiniorum
770 1669 1041 1713 daduchus‘
1025 1667 1167 1726 ιερεὺς
1190 1673 1281 1714 τῶν
1307 1666 1385 1714 ἀπ’
1408 1667 1567 1728 Ερεχῆ.

120 1740 380 1799 appellatur,
417 1754 551 1796 quum
591 1738 643 1783 C.
684 1737 741 1783 Ο.
774 1738 1013 1783 Muellerus
1048 1738 1121 1782 De
1159 1755 1267 1784 sacr.
1304 1739 1416 1783 Min.
1452 1734 1559 1783 Pol.-
1585 1787 1594 1792 ῃ

123 1809 385 1854 Convivium
426 1824 514 1852 non
554 1808 858 1865 Xenophonti,
904 1809 980 1851 sed
1023 1808 1282 1865 sophisticae
1323 1807 1466 1852 fraudi
1499 1807 1556 1852 d
1547 1826 1582 1872 ,³⁴

120 1880 321 1931 dixisset,
360 1885 509 1922 contra
545 1893 644 1921 eum
676 1878 730 1921 de
760 1877 855 1935 ipsa
886 1893 933 1921 re
964 1877 1243 1923 Hermannus
1273 1879 1319 1922 in
1348 1877 1534 1931 libello
1528 1909 1555 1927 2

120 1950 348 2007 Marburg.
383 1947 517 2000 1834,
555 1962 598 2005 p.
627 1963 696 1991 vn.
735 1947 983 2005 disputavit.
1027 1947 1100 1991 De
1136 1948 1221 1992 fide
1256 1948 1355 1992 libri
1391 1963 1433 1992 v.
1468 1942 1611 2007 Ρτ8ὲὲ

119 2020 192 2064 42.
218 2017 549 2077 μαστροπεύεις
573 2017 631 2060 Α.
652 2017 669 2072 Η
695 2014 884 2075 ἀρεστός
908 2017 966 2061 Α.
986 2017 1039 2061 Β.
1062 2017 1114 2062 C.
1142 2014 1326 2077 ἄριστος
1343 2017 1401 2063 V.
1424 2041 1476 2051 -
1500 2013 1578 2065 CA}

124 2091 164 2133 1.
189 2086 213 2132 ὃ
234 2088 395 2132 Λύκων
415 2087 498 2130 del.
516 2086 626 2130 Cob.
647 2086 701 2129 N.
721 2088 777 2129 L.
799 2087 898 2131 640.
927 2087 998 2131 Cf.
1013 2087 1129 2131 Hell.
1148 2087 1186 2140 7,
1203 2088 1242 2141 1,
1256 2087 1327 2132 25.
1352 2086 1442 2131 An.
1462 2087 1508 2141 6,
1523 2085 1570 2144 4,

121 2159 162 2211 5,
184 2159 225 2203 8.
258 2157 393 2201 Hunc
411 2156 628 2200 hominem
648 2155 702 2199 ab
729 2157 824 2201 aliis
845 2158 1029 2201 eundem
1049 2172 1147 2201 cum
1170 2156 1362 2203 Socratis
1387 2149 1547 2202 aconiti

120 2229 176 2272 ab
209 2228 305 2271 anis
336 2227 554 2269 diversum
586 2226 641 2269 ab
671 2225 746 2268 1110
776 2225 924 2268 haberi
949 2226 1039 2269 dixi
1068 2227 1114 2270 in
1136 2227 1403 2285 praefatione
1433 2216 1553 2271 ad?-

119 2297 368 2343 mentariOS.
396 2295 452 2341 V.
478 2295 631 2340 Herm.
657 2295 786 2353 Disp.
815 2294 944 2349 1844,
972 2296 1011 2341 7.
1042 2296 1119 2342 ubi
1141 2297 1215 2350 iis,
1246 2297 1322 2355 qui
1344 2310 1433 2341 non
1456 2294 1519 2341 di·
1541 2317 1547 2322 ·

119 2368 317 2413 homines
362 2381 459 2410 esse
497 2366 763 2418 existimant,
808 2366 1005 2411 assentiri
1040 2367 1227 2420 videtur,
1269 2366 1399 2426 Disp.
1430 2366 1492 2411 ,de

121 2436 443 2482 accusatoribus
471 2436 541 2489 13,
568 2435 643 2480 ubi
668 2436 835 2480 cautius
860 2435 915 2480 de
939 2436 1021 2481 hac
1044 2453 1091 2482 re
1116 2438 1207 2496 agit
1230 2453 1361 2494 quam
1386 2436 1565 2487 Winek,
1617 2466 1704 2526 &33
1770 2470 1782 2475 .-

119 2507 223 2551 Act.
250 2521 338 2550 soc.
364 2522 428 2563 gr.
454 2506 495 2558 2,
524 2506 564 2558 1,
590 2505 632 2550 5.
658 2506 676 2562 Η
706 2504 843 2557 καλός
871 2521 921 2562 γε
944 2505 1060 2559 libri,
1096 2505 1342 2565 Schwidop.
1371 2504 1492 2552 Obss
1530 2504 1532 2506 ’
1665 2502 1684 2524 ²³

118 2577 190 2623 20.
218 2575 313 2634 qui,
345 2574 421 2619 ubi
444 2575 510 2619 vir
538 2575 747 2620 honestus
780 2581 823 2618 et
853 2574 1010 2619 nobilis
1043 2575 1327 2635 significetur,
1358 2574 1476 2635 apud

115 2648 324 2706 phontem
355 2647 406 2689 τέ
429 2645 681 2702 particulam
711 2644 978 2689 interiectam
1003 2660 1090 2689 non
1113 2653 1229 2690 recte
1258 2646 1440 2693 inveniri
1461 2660 1493 2709 ι),

116 2718 159 2763 2.
185 2718 357 2774 θρόνος
385 2714 435 2760 τὲ
461 2713 585 2760 ἔνδον
609 2713 664 2758 V.
691 2713 708 2769 ΙΙ
737 2731 785 2760 τε
816 2721 916 2773 post
948 2712 1108 2775 ἑαυτῆς
1137 2732 1221 2761 om.
1247 2716 1307 2761 id.
1332 2716 1350 2772 ΙΙ
1379 2709 1498 2778 aaa}

114 2786 171 2831 V.
213 2786 345 2842 Quod
370 2786 589 2830 hominem
618 2783 941 2843 Syracusanum
967 2800 991 2829 e
1017 2801 1096 2831 sua
1120 2786 1304 2832 dialecto
1336 2782 1520 2850 dixisses
1541 2804 1559 2843 ‘.,
