1784 3136
429 239 790 309 Ineptamhanc
809 213 1120 305 'sarrstienem
1150 263 1251 294 esse
1283 246 1577 306 imprudenter
1606 264 1631 292 e

418 353 429 366 .
458 318 865 380 descriptamsdieit
882 317 1112 401 Hauptius
1134 318 1292 364 Philol.
1317 318 1366 372 3,
1399 316 1500 399 546.
1541 315 1632 362 Sed

259 737 295 781 d*
322 736 362 791 7,
394 737 435 790 6,
468 734 539 781 39.
573 735 693 792 Ox.).
741 735 869 780 Libri
905 733 1085 781 οὑτωσί.
1116 738 1135 793 Η
1168 740 1312 794 χρυσᾶ
1347 736 1484 780 Dind.
1519 736 1630 780 Cob.

276 806 429 865 ρύσεα.
468 806 557 864 Qui
581 823 668 852 non
693 808 859 852 variant
885 806 988 865 Cyr.
1017 807 1055 859 7,
1082 808 1122 860 2,
1151 807 1220 851 19.
1246 806 1288 860 5,
1314 807 1355 859 2,
1385 807 1423 851 7.
1458 805 1630 851 Comm.

209 877 280 928 «6,.
305 876 422 922 Hell.
446 877 486 930 7,
515 878 553 930 l,
580 877 651 922 38.
678 877 732 921 al.
752 876 770 932 Η
795 877 835 922 6.
863 876 891 921 ἃ
917 877 967 922 δὲ
991 877 1157 930 πάντες
1183 876 1474 934 ἐπιστάμεθα
1495 876 1547 922 C.
1571 875 1628 922 G.

212 946 230 963 ³⁷
267 947 392 993 iliter.
410 973 469 981 -
487 963 577 992 cAP.
599 948 640 1000 6,
661 948 699 991 1.
723 947 850 991 Libri
868 951 1051 1005 πρῶτον
1067 950 1160 1003 μέν.
1180 946 1198 1002 Η
1222 947 1263 991 3.
1284 947 1631 1006 συμφεριότερον

204 1007 394 1078 4.,’“Ὠιιό(1
414 1016 661 1075 Stephanus
680 1018 725 1060 in
750 1017 1008 1061 editionibus
1034 1018 1204 1074 scripsit
1227 1017 1354 1060 malle
1380 1033 1427 1061 se
1453 1034 1632 1077 συμφο-

198 1092 311 1146 ερον,
345 1087 446 1132 inde
474 1085 685 1145 Spi-llerus
709 1087 738 1131 l.
765 1103 801 1131 c.
828 1087 930 1131 dicit
955 1102 1180 1145 apparere,
1213 1102 1311 1131 eum
1336 1086 1468 1131 libros
1492 1086 1550 1131 A.
1577 1088 1630 1131 B.

217 1150 420 1202 Babuisse
451 1157 660 1215 cognitos.
710 1156 823 1200 Mihi
850 1172 949 1200 vero
979 1157 1023 1199 in
1048 1157 1115 1200 his
1146 1157 1285 1208 libris,
1319 1172 1428 1213 quos
1461 1155 1630 1201 Gailius

227 1228 447 1287 scriptum
471 1227 589 1285 quod
607 1227 819 1272 Zeunium
844 1227 1006 1271 editum
1029 1227 1188 1272 habere
1213 1228 1329 1280 dicit,
1355 1228 1499 1286 ipsum
1522 1229 1631 1273 illud

231 1297 450 1356 εριότερον
478 1297 647 1340 videtur
676 1312 787 1341 esse.
819 1296 835 1351 Η
869 1298 911 1340 4.
943 1298 1126 1341 Lacuna
1160 1303 1261 1355 post
1295 1298 1575 1353 πειθόμενος
1605 1314 1631 1342 e

136 1365 219 1425 int.
235 1366 394 1425 Ag.‚4,
420 1366 495 1410 ubi
518 1366 626 1410 haec
651 1374 768 1410 sunt:
795 1365 819 1410 ὃ
842 1367 892 1410 δέ
916 1383 1054 1424 φησιν
1079 1364 1102 1411 ὃ
1129 1371 1353 1426 Ξενοφῶν,
1383 1363 1454 1411 ὅτι
1479 1368 1630 1413 πάντα

67 1438 160 1503 ὶ4ῇ
182 1436 379 1495 ,πατρίδι
408 1435 688 1492 πειθόμενος
718 1436 843 1491 ἰ’σχυε
874 1437 1106 1490 πλεῖστον,
1142 1433 1258 1480 ὥστε
1289 1445 1439 1481 ποιεῖν
1471 1436 1495 1481 ὃ
1521 1437 1632 1493 βού-

84 1501 88 1504 ’
136 1516 241 1577 ιτς),
261 1506 468 1551 τοιοῦτόν
488 1505 621 1560 εστιν,
650 1506 811 1563 expleri
829 1520 959 1563 posse
977 1506 1071 1548 visa
1090 1512 1167 1549 est.
1196 1505 1268 1549 Cf.
1286 1506 1324 1558 7,
1345 1506 1386 1549 2.
1406 1505 1423 1560 Η
1448 1507 1488 1550 6.
1512 1503 1629 1551 ὅπου

0 1575 93 1644 js
90 1572 217 1639 ξιξοτὲ
253 1575 320 1634 ειή
354 1575 406 1620 C.
432 1571 500 1631 ΙΙ(
482 1572 594 1621 όποι
623 1575 758 1620 Dind.
795 1575 919 1619 Libri
957 1571 1089 1620 όπου.
1116 1573 1134 1630 Η
1164 1592 1350 1620 ποινσει
1382 1575 1434 1620 C.
1467 1576 1581 1622 Vict.
1611 1576 1627 1635 Η

51 1637 54 1640 ’
122 1629 287 1704 ὲέξείη
312 1645 370 1690 Α.
396 1646 450 1690 Β.
478 1645 597 1705 εξηει
622 1646 674 1690 C.
702 1661 912 1704 superscr.
940 1663 994 1690 ει.
1020 1646 1037 1701 Η
1067 1644 1147 1702 μέν
1172 1661 1256 1689 om.
1285 1644 1340 1690 G.
1367 1646 1486 1690 Est·
1474 1663 1519 1689 1n
1546 1646 1631 1691 Pa-

139 1716 245 1778 sinis
271 1722 314 1761 et
337 1716 454 1775 apud
472 1716 652 1761 Aristid.
674 1716 714 1770 9,
732 1716 833 1761 439.
860 1716 935 1761 W.
957 1731 1008 1760 ac
1026 1714 1227 1760 deinde‘
1206 1724 1383 1769 εαυτοῖς
1409 1716 1629 1762 δύναιντο.

131 1782 185 1845 θ’.
217 1787 371 1845 φίλοις
396 1786 448 1831 C.
478 1786 535 1831 G.
563 1786 659 1831 Cet.
687 1788 872 1846 φιλίοις.
897 1786 915 1842 Η
945 1786 1071 1830 Libri
1102 1786 1294 1843 θάρσος.
1320 1812 1378 1818 —-
1405 1802 1493 1831 cAP.
1523 1787 1561 1840 7,
1589 1787 1631 1831 3.

67 1851 229 1908 {sibu
253 1855 357 1910 αἰεί,
383 1863 432 1900 ut
458 1857 527 1908 11,
555 1857 594 1901 8.
620 1857 688 1900 12.
708 1856 726 1912 Η
749 1857 790 1900 4.
819 1853 937 1901 οἶδεν
960 1856 1070 1900 libri.
1093 1856 1224 1914 Vulg.
1246 1854 1373 1900 εἶδεν.
1393 1856 1412 1911 Η
1435 1856 1476 1901 5.
1503 1857 1631 1901 Libri

204 1930 243 1987 ᾗ,
282 1930 490 1985 Κορίνθῳ
527 1926 660 1985 μάχῃ.
691 1926 799 1970 Ad
835 1941 909 1970 eos
946 1927 1170 1970 nominum
1207 1926 1393 1979 dativos,
1433 1927 1507 1984 qui
1541 1943 1629 1972 non

203 2004 235 2053 *t
268 1996 312 2041 ἐν
343 1996 508 2049 addito,
538 2012 642 2040 num
672 1999 886 2055 Κορίνθῳ
917 1996 1146 2054 pertineat,
1179 1997 1337 2055 magis,
1370 2003 1418 2040 ut
1447 1998 1630 2051 videtur,

209 2082 283 2119 um
308 2081 438 2123 quam
458 2064 671 2111 Ἐλευσῖνι
701 2066 819 2111 Hell.
846 2067 887 2119 2,
912 2067 955 2119 4,
980 2066 1051 2111 43.
1088 2066 1180 2110 Nec
1206 2067 1390 2111 evitatur
1412 2070 1631 2127 praeposi·

209 2152 233 2181 s
256 2136 482 2194 repetitio,
520 2152 560 2180 v.
594 2135 639 2180 ἐν
674 2141 729 2195 τῇ
763 2135 806 2181 ἓν
844 2133 987 2195 ἀγορᾷ
1025 2140 1138 2195 στοᾷ
1174 2136 1291 2180 Hell.
1324 2136 1366 2189 5,
1398 2138 1439 2190 2,
1472 2138 1542 2182 29.
1576 2139 1630 2182 al.

193 2206 475 2266 epositionem
507 2206 671 2250 addidit
694 2207 909 2251 Victorius
942 2213 984 2250 et
1014 2206 1145 2251 habet
1174 2206 1424 2251 Priscianus
1455 2208 1563 2252 Inst.
1589 2209 1631 2262 2,

73 2323 77 2325 ,
117 2325 135 2340 n„
202 2274 390 2331 e'Hertz„
410 2277 429 2333 ΙΙ
458 2280 547 2320 τῶν
573 2274 831 2321 ἀντιπάλων
858 2277 910 2321 C.
935 2281 1024 2322 τιῦν
1049 2278 1278 2332 πολεμίων
1310 2277 1426 2321 Hell.
1453 2278 1493 2330 4,
1520 2279 1561 2331 3,
1590 2280 1630 2322 1.

68 2340 129 2407 »ε’-ζ
190 2347 336 2406 1,-ἶΑς.
362 2347 432 2391 16.
457 2346 594 2392 Prisc.
620 2347 648 2391 l.
676 2363 713 2391 c.
751 2347 883 2404 Quod
908 2348 1091 2391 editores
1116 2353 1378 2405 receperunt.
1403 2347 1549 2406 Marg.
1575 2348 1630 2393 B.

130 2418 134 2420 ’
206 2415 440 2461 «ἐναντίων.
460 2416 479 2472 Η
502 2421 589 2476 φεῦ
616 2421 712 2471 σοῦ,
742 2410 777 2461 ὦ
800 2415 954 2470 Ἑλλάς
977 2417 1114 2461 Prisc.
1141 2416 1240 2460 375.
1268 2420 1354 2474 φεῦ
1379 2420 1459 2475 τῆς
1478 2414 1633 2462 Ἑλλά-

192 2484 316 2535 Plut.
330 2486 418 2544 Ag.
435 2487 504 2530 16.
524 2486 541 2541 Η
566 2487 609 2530 6.
634 2486 816 2539 πάντως
837 2486 1110 2532 Schaeferus.
1136 2485 1262 2548 Libri
1280 2486 1460 2540 πάντες.
1480 2485 1499 2541 Η
1524 2484 1635 2547 ὁρᾶν

205 2555 421 2612 ,ΨείεΙςίο-
438 2557 652 2614 suspecta.
673 2556 729 2601 V.
755 2573 852 2601 ann.
878 2556 1013 2614 Hipp.
1040 2556 1081 2607 3,
1109 2555 1148 2599 8.
1169 2554 1187 2610 ΙΙ
1213 2555 1252 2599 7.
1280 2566 1504 2614 συμμαχεῖ
1528 2558 1633 2602 τού-

207 2624 339 2684 'Vict
369 2625 497 2668 Libri
533 2634 780 2682 συμμαχεῖν
811 2624 855 2670 ἓν
879 2643 918 2669 τ.
945 2626 962 2679 Η
991 2624 1191 2681 μάλιστα
1220 2625 1357 2669 Dind.
1388 2626 1515 2670 Libri
1543 2627 1634 2682 μά-

202 2692 307 2747 ῗχῖἰν.
346 2692 656 2754 Coniungit'iv.
681 2711 779 2740 cum
811 2695 956 2739 futuro
993 2710 1124 2753 posse
1156 2711 1244 2740 non
1273 2703 1432 2754 negant
1461 2696 1632 2755 Krueg.

207 2765 312 2819 5,
336 2764 408 2819 .·15,
434 2765 474 2810 2.
504 2764 708 2810 ‘BaeumL
741 2762 820 2810 De‘
844 2765 957 2809 mod.
985 2765 1085 2811 258.
1112 2765 1305 2811 Voemel.
1332 2765 1461 2810 Dem.
1488 2766 1519 2810 f.
1545 2766 1632 2826 leg.
