1784 3136
53 205 57 207 ⁴
102 180 161 225 66

100 284 230 329 Libri
255 283 433 328 ἐκεῖνον.
453 282 472 338 11
494 281 543 329 4.
563 282 672 337 περὶ
698 281 749 325 δέ
771 281 954 324 Leonol.
975 266 1104 325 Libri
1121 272 1177 328 ’πὸ-
1194 259 1246 326 σὲ

100 357 181 400 καὶ
217 352 445 413 ἀριστερά.
471 350 490 407 ΙΙ
520 352 562 396 6.
602 343 679 396 οὖν
717 350 882 395 addidit
915 349 1037 395 Cast.
1062 349 1082 407 ΙΙ
1110 350 1243 397 Libri'
1264 347 1351 404 'nis

102 424 161 470 ἐν.
182 426 200 482 ΙΙ
223 426 491 480 καταίρηται
516 420 650 466 Sohn.
671 420 806 479 vulg.
832 424 1125 480 καθαίρηται.
1153 419 1255 465 Vid.
1280 420 1338 464 L.
1359 417 1435 465 H

104 494 257 539 Cobet.
290 492 521 537 emendatt.
555 491 695 535 Thue.
727 491 798 535 22.
831 491 966 550 Hipp.
999 491 1041 543 6,
1066 490 1109 536 5.
1134 489 1153 546 ΙΙ
1183 488 1455 553 ἔπικλῄοντα

100 571 150 607 ut
174 563 287 606 Ven.
316 563 385 615 11,
412 563 453 606 3.
480 560 498 616 ΙΙ
524 562 563 604 7.
591 558 742 620 ἀρκεῖν
766 561 901 604 Dind.
929 561 1117 604 seclusit.
1143 559 1161 614 Η
1190 559 1319 604 Libri
1343 556 1440 619 ἆφυ

103 633 305 679 Correxit
331 632 453 678 Cast.
473 630 492 688 ΙΙ
523 631 564 677 8.
593 631 643 676 δέ
667 631 833 676 addidit
856 630 914 675 id.
940 628 959 687 ΙΙ
989 629 1191 676 κινδύνου
1217 628 1275 675 V.
1299 628 1360 674 D.
1384 628 1448 674 Di

69 751 71 753 ,
104 704 234 748 1826.
269 703 368 747 194.
406 702 508 760 Ego
539 717 642 745 vero
674 702 730 744 ad
760 701 803 744 h.
829 701 858 744 l.
885 707 928 744 et
958 717 1057 745 ann.
1089 700 1208 744 Hell.
1234 701 1276 753 6,
1302 700 1345 752 2,
1370 699 1442 744 24.
1473 707 1524 743 ν’

104 773 332 832 scripsisse
368 772 474 815 mihi
516 770 684 825 videor,
728 770 824 814 aliis
867 770 1044 828 quidem
1080 770 1151 814 vel
1185 771 1336 829 ignota
1371 769 1523 822 veli-

101 844 244 887 moda.
270 842 288 895 ΙΙ
318 841 675 899 παραμηριδίοις
700 840 871 884 Weisk.
904 840 1031 884 Libri
1056 840 1480 898 παραπλευριδίοις.
1505 840 1530 896 Π

102 912 353 972 ἓφιππείῳ.
374 911 392 967 ΙΙ
418 911 458 955 9.
479 914 559 954 τοῦ
579 910 728 955 ἵππου
743 909 827 953 del.
842 910 1024 955 Leoncl.
1044 909 1061 964 ΙΙ
1088 910 1157 954 12.
1171 909 1407 954 Librorum
1425 916 1528 969 uqa*

102 979 305 1028 εὕπαλτα
330 981 516 1025 correxit
539 980 597 1024 id.
623 979 642 1036 Η
675 974 895 1025 ἆόύνοιτον
922 979 1044 1025 Cast.
1064 976 1082 1035 ΙΙ
1108 979 1176 1024 14.
1203 979 1331 1025 Libri
1360 979 1519 1040 πράσσ

101 1052 322 1111 προσήκει
345 1051 482 1095 Dind.

619 1224 707 1268 DE
740 1222 1125 1269 VENATIONE.

188 1330 447 1389 κυνηγετικοί
479 1331 574 1373 eod.
602 1329 791 1373 vindob.
824 1345 891 1387 ap.
925 1329 1135 1373 Lambee.
1165 1330 1205 1381 7,
1231 1330 1332 1374 251.
1364 1330 1441 1374 ubi
1470 1345 1532 1373 mx

101 1403 201 1447 libri
231 1405 415 1459 πρῶτον
448 1397 633 1459 εὕρημα.
686 1415 775 1442 CAP.
805 1399 844 1451 1,
870 1398 912 1442 4.
946 1396 1008 1451 ὥς
1039 1415 1124 1443 om.
1157 1399 1211 1443 Β.
1251 1398 1323 1444 Cf.
1355 1399 1487 1444 Plat.

101 1474 206 1516 min.
233 1471 334 1522 371,
359 1471 403 1513 b.
430 1470 506 1513 ubi
531 1486 571 1513 v.
592 1469 745 1512 Herm.
765 1468 783 1523 ΙΙ
808 1468 849 1512 5.
875 1472 955 1527 τῆς
978 1473 1068 1513 τῶν
1092 1473 1232 1514 κυνῶν
1250 1495 1308 1501 --
1328 1468 1375 1514 ἐκ
1397 1472 1479 1528 τῆς
1504 1465 1536 1513 ἅ

105 1540 239 1585 Schn.
260 1538 278 1593 ΙΙ
303 1539 343 1582 6.
371 1542 447 1582 καί
471 1554 495 1582 0
521 1554 600 1582 suo
625 1538 721 1582 1000
745 1545 844 1582 ante
869 1538 1084 1594 μειζόνων
1108 1539 1332 1597 transponi
1355 1539 1449 1583 vult
1471 1538 1521 1583 H

100 1609 259 1654 Philol.
294 1609 334 1661 1,
367 1607 467 1653 650.
493 1606 511 1662 ΙΙ
541 1606 656 1661 θεὸς
688 1604 751 1661 ὥς
782 1607 937 1653 Valek.
970 1607 1076 1652 Eur.
1111 1608 1248 1667 Hipp.
1286 1624 1328 1667 p.
1361 1609 1462 1654 318.
1495 1615 1538 1654 et

100 1680 297 1726 Aristob.
332 1678 431 1723 114.
468 1678 597 1723 Libri
627 1673 740 1732 θεὸς
778 1675 853 1723 ὤν.
880 1677 897 1734 ΙΙ
931 1679 971 1724 7.
1010 1679 1139 1724 Libri
1176 1678 1221 1724 οἱ
1256 1679 1359 1724 τότε
1397 1676 1532 1737 ἄριστ

103 1752 143 1796 8.
172 1748 333 1804 ἆείζως
351 1748 487 1792 Dind.
506 1747 525 1802 ΙΙ
549 1748 590 1792 9.
619 1744 694 1793 ὅτε
721 1748 770 1792 δὲ
794 1756 892 1800 τοῖς
916 1748 1120 1806 πρώτοις
1143 1748 1201 1791 id.
1222 1747 1239 1802 ΙΙ
1266 1748 1335 1792 11.
1363 1748 1496 1805 Quod
1516 1749 1530 1768 ²

101 1823 235 1878 τιμῆς
267 1819 535 1876 seripserunt
565 1816 623 1860 A.
656 1824 699 1861 et
725 1817 777 1862 C.
804 1817 1018 1862 Matthiae
1046 1819 1086 1871 1,
1112 1817 1184 1870 59,
1218 1818 1383 1862 dudum
1412 1833 1538 1877 repro
1610 1876 1613 1878 v
1686 1872 1709 1882 ..

100 1891 146 1934 in
171 1890 238 1933 ed.
268 1887 456 1946 Opusc.,
490 1887 577 1931 vid.
604 1888 763 1931 ZAW.
792 1887 921 1932 1837.
952 1887 1049 1941 150,
1079 1888 1206 1932 1220.
1239 1888 1384 1932 Nlhb.
1413 1887 1721 1951 184131
1770 1934 1773 1938 ,

99 1960 201 2004 437.
222 1959 369 2017 Heyn.
391 1957 502 2001 Exc.
516 1973 572 2001 1v.
594 1957 650 2001 ad
663 1956 786 2016 Virg.
808 1957 922 2001 Aen.
937 1974 979 2002 11.
1000 1973 1042 2016 p.
1062 1957 1164 2002 406.
1179 1957 1343 2016 Wagn.
1363 1958 1381 2015 ΙΙ
1407 1958 1476 2003 12.
1495 1957 1562 2003 U‘¹
1722 1952 1730 1958 ³

99 2029 304 2073 vocabuli
335 2026 572 2084 ἐπιμέλεια
602 2027 850 2072 absolutum
879 2028 1086 2072 rariorem
1115 2028 1290 2085 quidem
1320 2043 1408 2072 non
1438 2034 1527 2072 tam

99 2097 426 2155 Xenophontea
462 2112 514 2140 ae
549 2112 604 2140 ne
640 2097 868 2141 Platonica
903 2097 1079 2154 quidem
1122 2098 1293 2142 dicendi
1329 2104 1540 2144 consuetu

99 2168 406 2212 abhorrentem
430 2166 512 2210 hoo
538 2167 634 2210 1000
660 2172 703 2210 et
727 2182 797 2219 eo,
831 2168 905 2223 qui
931 2183 965 2211 s.
991 2167 1033 2211 5.
1060 2174 1145 2221 est,
1172 2184 1199 2212 a
1223 2168 1466 2227 corrigendi
1488 2184 1517 2213 v

99 2245 188 2281 tate
219 2236 398 2281 defendi
428 2236 519 2280 dixi
553 2236 734 2293 Quaest.
766 2237 809 2290 4,
845 2237 914 2281 17.
947 2240 1026 2296 τῆς
1055 2241 1145 2283 τῶν
1176 2237 1312 2282 Dind.
1344 2238 1448 2284 Vid.
1480 2239 1526 2284 Z

101 2308 232 2352 1837.
268 2307 366 2360 150,
401 2307 529 2351 1220.
556 2306 574 2362 ΙΙ
606 2307 674 2350 17.
714 2305 893 2352 ἐλύοντο
928 2304 990 2351 δι’
1019 2305 1182 2361 αὐτούς
1211 2308 1346 2352 Dind.
1379 2309 1528 2353 codice

100 2378 157 2421 L.
184 2377 371 2421 adiutus.
399 2376 500 2421 Vid.
536 2375 689 2421 Stallb.
721 2376 835 2422 Plat.
868 2377 981 2421 Tim.
1008 2377 1079 2431 22,
1106 2378 1148 2423 (1.
1174 2404 1232 2411 —-
1258 2395 1347 2423 CAP.
1373 2378 1415 2432 2,
1441 2379 1485 2424 4.

103 2445 274 2504 ἅρκυες.
300 2448 437 2492 Dind.
465 2444 620 2507 ἅρκυς,
648 2454 697 2492 ut
722 2454 851 2493 antea
877 2445 1110 2508 ἆρκυωρός
1135 2449 1189 2494 al.
1209 2448 1228 2504 ,ΙΙ
1252 2449 1400 2495 Verba
1423 2449 1540 2496 inclu

100 2516 281 2561 Polluce
305 2518 466 2575 recepit
493 2516 799 2562 Schneiderus.
820 2517 838 2572 ΙΙ
862 2522 1236 2576 πεντεσπίθαμοι
1261 2519 1371 2564 Cob.
1388 2520 1487 2566 775.-
1506 2547 1513 2565 ;

100 2602 348 2640 acnuam,
381 2593 429 2629 ut
461 2587 665 2646 deinceps
697 2594 741 2632 et
770 2589 811 2641 9,
839 2588 908 2632 14.
937 2588 1007 2643 10,
1039 2590 1080 2633 3.
1107 2589 1209 2634 Vid.
1242 2606 1340 2635 ann.
1373 2590 1491 2638 Heu.

102 2658 171 2702 12.
197 2655 215 2712 ΙΙ
246 2657 276 2702 5
301 2672 365 2715 sq.
397 2656 470 2701 De
501 2657 651 2702 formis
684 2658 885 2718 διώρυγα
915 2666 995 2703 cet.
1028 2675 1069 2704 v.
1101 2660 1295 2706 Boeokh.
1330 2659 1508 2714 Oec.⁷3,

102 2726 158 2773 G.
190 2727 327 2772 Dind.
366 2728 499 2773 Thes.
542 2727 608 2774 St.
641 2729 682 2773 6.
717 2728 815 2784 743,
847 2730 890 2775 b.
928 2730 984 2774 L.
1014 2730 1150 2775 Dind.
1185 2731 1290 2791 Cyr.
1323 2731 1365 2784 6,
1398 2730 1439 2783 1,
1470 2728 1529 2775 52

101 2802 354 2858 στροφείων
378 2800 436 2844 id.
457 2800 589 2845 Thes.
614 2800 652 2845 7.
675 2799 775 2855 887,
796 2816 832 2846 0.
841 2818 853 2854 ;
880 2801 934 2846 de
953 2801 1260 2862 περιδρόμους
1284 2800 1480 2859 Hesych.
1500 2799 1530 2846 d
