1784 3136
1591 170 1650 216 13

517 269 749 321 ..Setos
774 274 883 350 Ογι.
917 277 957 332 1
978 275 1048 334 3,-
1065 275 1106 322 9.
1139 276 1181 330 6,
1211 276 1284 321 40.
1321 274 1533 321 Librivb
1570 294 1647 334 μη,

321 355 407 402 ,us
433 338 490 398 de
517 336 699 391 consilio
728 348 860 405 quani
874 346 939 391 de
964 332 1121 391 effectu
1145 346 1321 399 dieitur,
1347 361 1389 390 v.
1415 361 1513 391 ann.
1541 343 1648 405 Ογι.

332 411 407 461 aut
409 417 489 477 τῷ
512 415 588 475 μή,
615 417 734 474 quod
744 416 904 462 Bernh.
927 414 1053 476 Synt.
1074 417 1174 463 356.
1194 415 1409 476 reprobat,
1430 414 1647 462 Sommer.

179 538 219 555 ..
226 532 251 550 Ὗ,
298 472 615 548 21833,1063.
646 493 791 532 tuetur
814 502 914 531 eum
944 487 1113 531 consilii
1143 487 1455 546 significatione
1485 486 1648 531 arctius

135 549 206 593 43·-
199 555 638 614 ,ᾗτεκνοποιούμενον
669 556 1018 614 coniungendum
1048 557 1195 601 dicens
1220 557 1316 601 coll.
1341 558 1449 601 Eur.
1475 556 1643 602 Phoen.

157 601 218 690 ἷξ.
214 621 453 687 Herodot.
479 625 527 679 5,
548 625 618 671 86.
643 627 662 682 ΙΙ
691 625 763 670 20.
788 625 922 670 Malis
953 625 1226 671 εἶσοίσουσιν
1250 642 1338 670 non
1361 627 1644 684 praecedente

243 694 373 741 ³‘one.
385 692 534 739 Guelf.
561 693 863 754 εἰσφέρουσιν.
888 696 907 752 Π
935 698 1016 739 τοῦ
1049 694 1347 755 ἐργασομένου
1382 693 1515 740 Schn.
1540 695 1642 740 457.

246 759 255 769 ⁹
279 763 413 822 Apol.
447 764 516 813 15.
547 763 653 817 τοὺς
689 764 1006 824 ἐργαζομένους
1042 765 1159 818 libri,
1198 767 1273 823 qui
1308 766 1442 824 vulgo
1477 766 1645 809 illatum

261 831 374 889 ἔχειν
388 835 606 889 omittunt,
630 849 657 880 e
677 834 886 880 Parisinis
907 834 959 880 C.
973 834 1032 879 D.
1055 834 1166 891 ἔχειν
1190 833 1294 890 τοὺς
1319 834 1647 897 ἐργασομένους

228 918 279 958 so
304 900 574 963 ἀνθρώποις
595 905 774 950 Hirsch.
800 905 929 949 Mieo.
958 906 1056 949 114.
1082 908 1100 963 Η
1124 907 1283 958 νεατός
1307 908 1435 950 etiam
1461 907 1513 951 C.
1538 907 1600 951 D.
1626 907 1642 963 ss

157 1004 187 1036 ,„·
212 970 253 1017 δ’
274 969 307 1017 ἅ
325 973 496 1018 Weisk.
520 973 648 1019 Libri
672 982 714 1019 et
738 976 921 1020 Leuncl.
942 973 985 1020 ἅ.
1005 975 1023 1031 ΙΙ
1047 975 1118 1020 23.
1144 976 1484 1035 παρεσκεύασαν
1508 977 1566 1021 Α.
1588 976 1642 1022 C.

164 1039 316 1088 Ziss'Vict.
342 1043 360 1098 Η
388 1044 515 1088 Libri
544 1038 684 1102 ἧσσον
715 1061 766 1089 ae
798 1046 954 1089 deinde
987 1046 1253 1104 φυλάσσειν,
1286 1046 1399 1089 infra
1422 1047 1644 1104 πράσσων

246 1113 454 1168 ελισσῶν,
481 1118 680 1169 νεοσσοί,
708 1115 944 1174 θαλάσσῃ,
972 1112 1227 1174 ὀρύσσεται,
1255 1114 1467 1172 περισσά,
1494 1122 1643 1174 κρεῖσ-

237 1178 385 1242 'supra
421 1183 656 1230 ἐλάσσονα.
681 1186 700 1241 Η
735 1185 805 1230 25.
845 1184 946 1230 ἐπεὶ
984 1185 1033 1229 δὲ
1069 1188 1145 1229 καί
1180 1185 1239 1229 A.
1264 1184 1282 1238 ΙΙ
1312 1185 1383 1230 28.
1420 1181 1564 1230 ταύτά
1601 1195 1644 1230 et

156 1390 303 1440 nimim
328 1394 368 1447 9,
396 1393 465 1438 13.
502 1393 710 1437 Infinitivi
740 1401 882 1437 autem
914 1409 1012 1438 cum
1044 1390 1173 1446 ὅπως
1203 1393 1420 1438 coniuncti
1444 1394 1643 1453 exempla

190 1466 309 1510 rara
328 1464 398 1508 vel
422 1464 597 1516 ineerta,
622 1479 663 1507 v.
683 1464 815 1507 Born.
843 1461 948 1521 Cyr.
973 1464 1016 1516 4,
1042 1464 1084 1515 2,
1111 1464 1181 1508 37.
1213 1463 1347 1507 Dind.
1372 1464 1430 1508 ib.
1458 1471 1501 1508 et
1524 1464 1643 1508 Hell.

166 1865 174 1870 ”
236 1899 293 1929 ue
324 1884 379 1928 ab
410 1884 570 1928 Heind.
598 1891 640 1928 et
664 1884 795 1927 Bom.
822 1883 952 1941 Apol.
980 1884 1050 1927 25.
1077 1884 1246 1927 seclusi.
1273 1884 1292 1939 Η
1322 1884 1392 1927 36.
1423 1884 1549 1928 Libri
1577 1883 1640 1941 μὴ

256 1954 326 1999 37.
354 1948 691 2013 ἇχαριτῶτερον,
707 1953 816 1997 Cob.
837 1952 937 1997 585.
953 1952 1008 1997 V.
1028 1969 1125 1996 ann.
1152 1953 1194 2004 5,
1221 1953 1289 1996 10.
1316 1952 1403 1997 An.
1430 1954 1472 2005 2,
1501 1954 1540 2006 1,
1568 1954 1639 1998 13.

185 2227 188 2228 ⁷
245 2233 383 2279 αἰτῶν
407 2230 570 2278 Victor.
596 2231 615 2287 ΙΙ
645 2228 764 2278 ὅπου
790 2250 838 2277 τε
863 2233 997 2277 Dind.
1023 2233 1149 2277 Libri
1175 2229 1292 2278 ὅπου
1323 2249 1385 2290 γε.
1412 2232 1431 2287 ΙΙ
1461 2230 1643 2278 ὁπόθεν

160 2314 168 2336 ’-
239 2337 249 2349 .
286 2303 414 2349 Libri
450 2299 573 2349 ὅποι.
599 2303 618 2359 ΙΙ
648 2303 690 2348 3.
728 2303 860 2360 Quod
896 2303 949 2347 de
988 2302 1151 2348 Suidae
1188 2302 1396 2348 vocabulo
1433 2301 1641 2360 ἇγλευκές

212 2381 219 2420 .’
240 2381 309 2419 tur
338 2374 395 2418 ad
426 2380 527 2418 sect.
553 2373 594 2417 4.
625 2374 837 2432 pertinere
860 2380 984 2431 putat
1008 2374 1211 2418 Heiland.
1243 2374 1385 2417 NIbb.
1415 2372 1540 2417 1844.
1565 2373 1640 2426 41,

249 2446 369 2489 AW.
391 2444 518 2488 1847.
541 2444 609 2496 77,
629 2444 727 2488 610.
753 2443 870 2487 Dial.
891 2444 1008 2487 Xen.
1032 2445 1071 2488 8.
1100 2444 1208 2488 Cob.
1228 2443 1328 2495 548,
1354 2443 1429 2500 qui
1446 2443 1641 2501 glossam

227 2511 403 2577 Suidae,
429 2514 507 2558 sed
530 2513 770 2572 perantiqui
795 2513 915 2557 testis
940 2513 1056 2557 Aelii
1080 2513 1283 2570 Dionysii
1307 2516 1366 2568 (V.
1383 2512 1536 2557 Meier.
1568 2513 1642 2557 De

293 2582 517 2628 rhetoricis
549 2581 716 2642 Opuse.
748 2583 791 2636 2,
824 2582 881 2628 63
907 2585 1017 2641 sqq.)
1050 2598 1146 2628 esse
1177 2582 1443 2628 demonstrat
1472 2583 1639 2628 Mnem.

240 2653 284 2699 7.
314 2653 386 2699 De
410 2653 506 2712 ipso
530 2654 742 2699 vocabulo
766 2670 806 2698 v.
833 2653 942 2698 Ahr.
967 2653 1100 2698 Diall.
1127 2654 1169 2708 2,
1198 2654 1282 2699 108
1307 2669 1371 2711 sq.
1403 2652 1639 2698 Rhinthoni

240 2724 444 2772 ensdicit
466 2724 521 2769 R.
547 2725 753 2770 Lorentz.
783 2724 855 2769 De
879 2724 1008 2770 rebus
1034 2726 1167 2770 sacris
1193 2732 1235 2770 et
1260 2724 1421 2769 artibus
1446 2730 1641 2768 veterum

171 2841 175 2843 ,
228 2796 444 2843 minorum
471 2795 546 2848 303
572 2795 851 2840 latiususum
875 2801 1021 2854 patere
1045 2803 1167 2854 putat
1191 2797 1248 2839 A.
1277 2794 1333 2840 Ο.
1361 2794 1431 2838 Fr.
1451 2794 1641 2839 Lorenz.
