1784 3136
692 260 696 261 γ
803 177 1018 272 saeuiens.
1089 239 1093 243 -
1157 175 1177 180 w
1579 205 1639 252 59

627 406 1121 454 HIPPARGHICUS.

319 523 360 577 l,
372 522 427 567 2.
460 522 604 582 ἱππῆς
628 522 743 568 Viot
768 523 786 579 ΙΙ
817 523 870 569 C.
895 524 967 568 Fr.
994 523 1273 583 Hermannus
1305 537 1438 580 quum
1463 523 1507 566 in
1532 521 1645 566 Pro-

167 627 170 629 >
201 620 207 638 ε
231 619 293 638 e·
284 599 463 639 matum
499 594 555 638 ad
585 593 891 651 Aristophanis
922 578 1106 649 Equites
1143 593 1455 637 schediasmate
1492 593 1639 645 altero,

210 660 315 722 ³33de
344 662 560 721 equitibus
591 664 731 707 atticis
763 664 871 721 agit,
908 678 951 721 p.
986 662 1056 707 34.
1089 663 1287 714 dixisset,
1325 662 1552 718 quotannis
1584 662 1640 706 ab

36 771 40 773 .
129 682 286 781 35⁶³0
306 734 358 777 et
365 732 580 777 delectum
600 740 643 776 et
665 733 961 790 probationem
982 733 1174 789 equitum
1193 731 1358 775 institui
1384 732 1640 789 oportuisse,

202 798 429 860 S'au‘ppius
458 801 615 845 Philol.
647 802 780 854 1860,
818 818 861 859 p.
895 802 964 845 74.
1000 802 1084 845 hoc
1120 802 1215 845 loco
1251 817 1346 845 eam
1385 805 1642 844 sententiam

237 871 257 924 i,
276 870 598 915 demonstravit.
628 871 902 916 κατάστασιν
927 879 1070 915 autem
1096 887 1230 927 quum
1257 870 1508 914 Boeckhius
1531 868 1641 914 Oec.

223 965 243 983 ,ν
265 940 372 984 Ath.
400 941 440 993 1,
467 940 566 985 354.
599 948 641 984 et
674 940 726 985 C.
758 941 795 984 Ι.
827 958 853 984 1.
883 940 982 985 896.
1016 941 1196 985 dixisset
1226 948 1350 984 σῖτον
1379 940 1450 984 vel
1481 940 1642 997 stipen-

233 1010 316 1069 [ad
338 1010 501 1053 vietum
531 1010 749 1068 pertinens
781 1025 896 1063 esse,
928 1017 1043 1053 recte
1075 1025 1173 1053 cum
1197 1010 1376 1053 Reiskio
1403 1008 1482 1053 Or.
1507 1025 1571 1068 gr.
1598 1008 1640 1061 6,

224 1078 520 1131 .-„,Hermannus
541 1086 906 1124 auctoramentum
930 1080 1231 1137 interpretatus
1257 1086 1324 1123 est.
1347 1079 1469 1122 militi
1492 1094 1644 1123 recens

243 1155 270 1193 ὸ
294 1149 350 1193 ad
373 1149 661 1206 comparanda
690 1150 950 1206 expeditioni
981 1149 1226 1193 necessaria
1255 1149 1403 1192 datum
1428 1148 1498 1191 vel
1527 1163 1645 1191 com-

150 1211 351 1281 [istum.
388 1217 489 1262 Vid.
524 1211 688 1275 Saupp.
722 1218 790 1262 70.
830 1217 1004 1262 Scheib.
1042 1219 1151 1276 Oliq.
1192 1219 1389 1261 Umwdlz.
1420 1235 1473 1261 zu
1503 1218 1643 1261 Athen

182 1279 186 1283 ’
219 1285 275 1331 TiI.
298 1287 411 1331 Bak.
436 1286 601 1331 Mnem.
627 1288 668 1340 8,
691 1287 777 1332 218
798 1303 890 1345 sqq.
917 1295 958 1332 et
984 1287 1130 1333 Schol.
1150 1288 1354 1347 hypomn.
1376 1287 1418 1340 5,
1441 1286 1526 1332 155
1545 1301 1640 1344 sqq.

238 1354 485 1416 εὕχρηστοι]
516 1354 751 1411 εὐπειθεῖς
780 1357 838 1401 A.
869 1359 989 1417 Aug.
1016 1358 1033 1413 ΙΙ
1063 1358 1103 1402 5.
1135 1358 1332 1414 πόλεμοι
1356 1383 1415 1388 --
1440 1355 1642 1409 ἀλλοίοις

234 1427 383 1486 .Vulg.
416 1428 630 1483 πολέμιοι
655 1453 700 1458 -
737 1425 903 1480 ἄλλοις.
955 1427 1230 1484 Quamquam
1263 1428 1318 1471 cf.
1350 1427 1473 1470 Hier.
1501 1427 1570 1479 10,
1596 1427 1639 1470 4.

214 1513 341 1542 ονται
364 1500 600 1556 κακοῦργοι
621 1495 664 1542 ἒν
683 1497 885 1542 πόλεσιν.
905 1496 923 1551 ΙΙ
948 1498 988 1542 6.
1008 1498 1216 1542 πλεῖστοι
1239 1496 1371 1541 Schn.
1393 1496 1497 1540 Cur.
1516 1496 1644 1540 Libri

227 1582 343 1612 στον.
368 1566 387 1623 ΙΙ
418 1567 457 1611 7.
488 1566 658 1612 τούτων
681 1567 863 1612 Leoncl.
896 1567 1024 1611 Libri
1046 1567 1223 1612 τούτου.
1249 1566 1267 1622 Η
1298 1566 1339 1611 8.
1365 1565 1497 1626 Vulg.
1522 1567 1641 1622 βελτ.

228 1634 328 1682 εἶεν.
349 1636 459 1681 Cod.
487 1636 590 1681 Cur.
616 1640 659 1693 β.
690 1634 743 1682 ἂν
770 1635 869 1682 εἷεν.
889 1637 907 1692 ΙΙ
933 1638 1001 1682 10.
1029 1637 1070 1682 εἰ
1093 1637 1153 1694 μή
1179 1653 1256 1695 pro
1282 1636 1323 1681 εἰ
1349 1636 1473 1681 Cam.
1501 1636 1641 1694 Toup.

147 1706 307 1755 ,ni-ead
332 1705 462 1751 -Suid.
490 1708 530 1759 1,
558 1706 626 1751 79.
652 1705 670 1760 ΙΙ
702 1706 770 1749 11.
804 1706 869 1751 ἔτι
902 1707 950 1751 δὲ
982 1708 1056 1750 καὶ
1088 1703 1166 1759 οὕς
1198 1706 1308 1750 libri.
1335 1706 1467 1764 Vulg.
1500 1704 1644 1759 οὕτως

201 1803 203 1805 -
229 1772 320 1830 οὓς.
351 1776 470 1821 Dedi
496 1775 707 1834 Stephani
739 1777 1003 1835 scripturam.
1030 1777 1047 1831 ΙΙ
1080 1777 1149 1820 12.
1176 1773 1455 1834 ἀποτρέψεις
1479 1775 1601 1820 Vrat.
1625 1775 1640 1833 Η

228 1862 293 1890 ur.
316 1862 366 1905 γε
383 1846 494 1890 libri.
513 1846 531 1901 ΙΙ
557 1846 626 1891 13.
652 1845 797 1891 ἵππον
818 1862 901 1890 om.
921 1846 979 1890 A.
999 1848 1125 1905 Lips.
1145 1846 1264 1905 Aug.
1283 1846 1447 1903 Bodl..n
1474 1846 1541 1890 15.
1569 1844 1646 1889 ἐάν

118 1915 350 1969 σεοιῦὶυᾶ.
368 1915 388 1971 ΙΙ
411 1915 537 1959 Libri
553 1913 773 1967 ὑστάτους
794 1913 859 1959 ἄν.
879 1915 897 1969 Η
923 1916 991 1959 16.
1012 1920 1075 1973 τῷ
1096 1916 1228 1972 ἵππῳ
1244 1915 1347 1959 Cur.
1367 1914 1385 1969 Η
1408 1919 1645 1970 μναῑαίους

71 1978 73 1981 ’
148 1995 157 2009 ³
179 1985 246 2043 p’s.
260 1985 392 2043 Vulg.
417 1987 666 2040 μναιαίους.
687 1983 704 2038 Η
727 1984 853 2027 Libri
878 1986 951 2028 καὶ
971 1984 1147 2042 ψήχειν.
1174 1984 1310 2028 Zeun.
1332 1992 1385 2042 ψ.
1405 1987 1493 2028 καί.
1513 1984 1531 2038 Η
1554 1988 1645 2028 τῶν

217 2071 280 2099 ων
309 2054 366 2098 Α.
400 2053 495 2098 Cet.
525 2057 604 2098 τοῦ
642 2053 804 2099 ἵππου.
835 2052 853 2108 H
886 2054 954 2099 17.
995 2054 1139 2114 ἱππῇς
1173 2055 1300 2112 Lips.
1338 2070 1446 2099 corr.
1471 2054 1490 2109 ΙΙ
1519 2055 1647 2099 Libri

229 2125 377 2178 ξαντα.
403 2124 421 2177 Η
451 2124 521 2168 20.
547 2124 629 2167 Ιίᾶ.
654 2121 815 2184 ἡγίσῃ,
842 2124 964 2169 Vrat.
991 2139 1015 2168 e
1040 2140 1146 2168 corr.
1173 2125 1191 2182 ΙΙ
1221 2125 1293 2169 23.
1324 2124 1451 2169 Libri
1483 2125 1647 2170 δυσπί-

232 2211 268 2249 ς.
296 2193 495 2238 Correxit
518 2210 575 2237 m.
600 2195 781 2238 Leoncl.
802 2195 819 2250 Η
843 2192 956 2238 κατὰ
980 2192 1058 2239 τὸν
1082 2194 1219 2250 νόμον
1243 2195 1449 2239 damnant
1473 2195 1643 2239 Weisk.

224 2263 322 2309 ¹25.
354 2261 481 2322 ἡγοῖο
515 2263 647 2309 Schn.
673 2263 808 2308 Dind.
834 2264 851 2318 Η
882 2264 1009 2308 Libri
1041 2261 1203 2316 αὐτούς
1232 2281 1310 2322 pro
1343 2262 1495 2318 αὐτός,
1530 2266 1646 2321 quod

221 2333 317 2389 ,alio
348 2333 478 2377 dedit.
504 2333 521 2387 ΙΙ
551 2334 622 2378 26.
653 2331 831 2389 μάλιστ’
856 2330 909 2377 dv
941 2336 1214 2392 προτρέπειν
1246 2333 1355 2377 Cob.
1386 2334 1482 2376 794.
1518 2334 1645 2377 Libri

184 2401 282 2448 ffl-
300 2400 320 2457 ΙΙ
344 2403 595 2462 φιλονικίαν
621 2402 730 2448 Cob.
758 2402 891 2446 Dind.
918 2411 965 2446 ut
990 2404 1141 2447 solent.
1164 2429 1217 2435 —
1241 2420 1328 2447 CAP.
1356 2405 1397 2455 2,
1423 2405 1463 2447 2.
1492 2405 1647 2463 διῃρη-

235 2481 252 2514 ι
278 2475 296 2514 ί
321 2474 462 2531 φυλαί
487 2473 597 2517 Oob.
623 2474 723 2517 231.
749 2472 845 2517 795.
870 2473 1107 2529 Equestres
1129 2474 1273 2530 copias
1301 2487 1470 2531 semper
1495 2489 1649 2518 secun-

71 2588 101 2605 .
118 2582 139 2607 ,ἦ
230 2540 439 2594 „tribuum
463 2558 689 2588 numerum
713 2559 791 2602 per
815 2543 963 2587 decem
994 2542 1140 2600 φυλάς
1164 2542 1233 2586 vel
1258 2549 1420 2587 turmas
1447 2544 1650 2589 distribu-

211 2625 311 2656 esse
335 2611 439 2654 dicit
462 2611 615 2656 Herm.
633 2613 798 2669 Equitt.
819 2618 892 2655 att.
915 2612 971 2655 12
992 2626 1055 2667 sq.
1083 2612 1178 2655 coll.
1204 2612 1244 2665 3,
1271 2613 1313 2657 6.
1339 2613 1648 2658 Decadarchos

224 2676 268 2727 m
297 2695 385 2725 non
414 2681 471 2725 ad
500 2681 681 2726 verbum
711 2682 1011 2742 intelligendos
1043 2697 1139 2727 esse
1171 2682 1325 2737 collato
1355 2684 1449 2728 loco
1475 2683 1579 2742 Cyr.
1606 2684 1649 2737 2,

117 2807 147 2813 ,ί
264 2763 372 2809 sqq.
399 2751 644 2796 existimant
668 2752 821 2796 Ruest.
847 2742 890 2795 et
914 2751 1099 2796 Koechl.
1131 2752 1274 2798 Gesch.
1294 2756 1334 2797 d.
1358 2770 1423 2812 qr.
1443 2754 1648 2813 Km'eysw.

145 2826 148 2827 ⁷
225 2824 232 2852 .·
256 2820 276 2879 ΙΙ
311 2820 507 2869 ἑκάστων
536 2821 671 2866 Dind.
702 2820 720 2878 ΙΙ
746 2822 1143 2881 φιλοτιμουμένων
1180 2825 1237 2867 id.
1269 2822 1286 2878 ΙΙ
1323 2825 1651 2881 πρωτοστάτας
