1784 3136
681 183 683 188 f
709 166 767 202 m}
777 159 1037 204 22mn'1nomz.
1588 145 1647 202 67

282 253 493 320 ¹²·iessfonte
516 261 764 322 glossarum·
779 262 835 309 de
851 277 899 308 re
917 263 1114 309 venatica
1132 267 1177 307 et
1194 261 1385 321 equestri
1402 261 1647 321 Hesychia-

298 393 303 397 ,
340 365 351 387 .
373 329 584 378 Schmidt.
604 348 766 378 cnxvm.
785 332 805 388 H
828 335 869 379 6.
895 333 1200 393 περιδρόμους
1217 333 1391 378 Pollux.
1406 331 1540 391 Vulg.
1562 350 1647 377 πε-

282 399 439 459 nove-‘ss
465 403 504 447 7.
524 402 651 448 Libri
673 403 754 460 μὲν
772 407 874 449 τῶν.
894 402 912 459 ΙΙ
936 400 989 448 ἵν’
1013 402 1304 448 Schneiderus
1329 403 1508 448 addidit.
1527 401 1547 459 ΙΙ
1570 405 1647 447 καὶ

266 465 319 516 Β
336 487 408 531 pr..
425 475 443 530 ΙΙ
473 473 603 533 δίκρα
625 473 679 517 Β.
704 473 820 518 Flor.
852 473 969 517 Vrat.
995 474 1132 519 Dind.
1165 474 1296 531 δικρά
1320 476 1378 527 A,
1412 481 1461 518 ut
1492 488 1644 518 omnes

278 539 297 595 Η
327 541 368 586 8.
394 540 526 600 Vulg.
559 543 740 587 πολλῶν
770 543 849 586 καὶ
879 539 1041 601 ὀλίγων
1072 550 1116 586 et
1144 543 1262 600 quod
1290 543 1516 588 Brodaeus
1548 559 1644 588 cor-

282 610 489 657 λάττονα.
519 638 580 644 -
609 628 700 657 cu.
733 613 775 665 3,
807 614 849 656 2.
888 612 1019 668 Quod
1049 613 1182 669 vulgo
1212 614 1296 656 fuit
1326 612 1509 671 αἰσχραί
1543 621 1644 671 post

206 683 301 744 ἑποί
322 680 473 725 delevi
502 681 690 725 monitus
722 697 748 725 a
777 682 835 726 V.
860 682 920 725 D.
953 682 1056 725 Hal.
1091 682 1219 726 1840.
1254 680 1407 740 suppl.
1439 682 1510 734 38,
1542 683 1643 727 303.

193 758 267 805 βω
291 751 406 795 enim
429 751 594 808 reliqua
618 751 830 795 adiectiva
855 752 1071 811 singulare
1096 752 1313 808 quoddam
1332 752 1486 795 vitium
1511 752 1647 809 signi-

195 826 245 871 nt
261 826 391 878 atque
410 820 457 864 in
474 820 543 873 iis,
569 835 680 878 quae
701 827 953 878 sequuntur,
972 821 1103 865 rebus
1123 821 1434 878 quibusdam,
1421 838 1466 865 m
1485 821 1645 879 quibus

212 895 284 949 tur
312 890 465 934 vitium
499 890 661 942 inesse,
700 890 984 947 explicentur,
1021 901 1220 934 neutrum
1257 892 1311 934 de
1342 890 1525 947 αἰσχραί
1559 892 1646 934 dici

204 956 261 1003 ²t
289 974 371 1004 nec
400 958 636 1016 quidquam
668 959 806 1004 simile
830 959 875 1003 in
901 960 1040 1017 capite
1065 967 1216 1017 quarto
1248 967 1333 1013 est,
1363 960 1439 1004 ubi
1463 961 1645 1005 virtutes

220 1027 222 1030 ’
298 1028 612 1072 describuntur.
638 1027 656 1083 ΙΙ
686 1029 726 1072 3.
752 1029 879 1072 Libri
904 1029 1024 1086 λαγώ
1051 1037 1099 1072 ut
1122 1029 1248 1073 infra.
1273 1032 1291 1086 Η
1322 1026 1497 1087 ἄρρινοι
1520 1030 1646 1074 Vrat.

216 1113 251 1144 s.
270 1097 300 1142 l.
327 1094 516 1159 ἅρρινες.
545 1097 641 1143 Cet.
669 1094 829 1158 ἄρινοι.
859 1097 1010 1158 Steph.
1038 1096 1199 1158 ἅρινες.
1228 1098 1337 1145 Cob.
1357 1098 1493 1150 Dind.
1520 1097 1649 1157 ἄρρι-

216 1167 241 1224 ΙΙ
259 1168 303 1213 4.
329 1172 542 1213 σείουσιν.
567 1169 609 1221 4,
637 1169 677 1212 3.
705 1169 1035 1214 διασαίνουσαι.
1076 1169 1207 1225 Quod
1231 1169 1348 1227 apud
1371 1169 1645 1227 Hesychium

209 1241 560 1284 ‘owncalvovocv'
593 1237 638 1283 οἱ
666 1237 792 1291 κύνες
821 1237 949 1298 παρὰ
979 1243 1256 1298 Ξενοφῶντι,
1283 1238 1532 1284 Meinekius
1558 1256 1646 1284 non

208 1322 233 1353 e
262 1309 446 1352 coniecit
474 1308 735 1367 Ξενοφάνει,
767 1310 926 1352 rectius
956 1309 1199 1353 Heilandus
1230 1310 1312 1353 ZA
1323 1311 1389 1353 W.
1417 1309 1544 1353 1847.
1573 1310 1643 1362 77,

206 1410 218 1423 .
243 1377 416 1422 collatis
447 1378 515 1421 his
547 1378 717 1422 duobus
747 1378 854 1423 locis
886 1379 1129 1436 suspicatos
1165 1379 1376 1435 quosdam
1414 1379 1645 1436 essetdicit

215 1448 349 1491 ndum
374 1450 617 1492 σαίνουσιν.
643 1447 700 1491 V.
725 1447 840 1491 Lob.
865 1448 1035 1491 Pathol.
1063 1448 1163 1491 276.
1182 1447 1201 1501 Η
1232 1449 1272 1491 6.
1299 1449 1405 1505 πρὶν
1432 1444 1485 1491 ἄν
1508 1447 1644 1491 Dind.

232 1519 491 1576 προθέουσι
514 1516 593 1561 Vr.
620 1532 727 1560 corr.
761 1507 857 1561 Cet.
889 1520 1192 1576 προθέουσαι.
1218 1518 1236 1571 Η
1268 1517 1646 1573 Quemadmodum

210 1602 307 1633 ores
339 1587 394 1630 de
424 1586 734 1630 consuetudine
763 1601 875 1643 quae
904 1587 1127 1632 hominum
1164 1587 1336 1646 propria
1350 1613 1352 1615 >
1367 1593 1466 1631 sunt
1496 1586 1646 1631 bestiis

210 1657 355 1718 ‘gendi
376 1657 496 1713 loqui
520 1663 684 1709 amant,
714 1658 775 1701 ita
798 1657 1100 1715 Hermogenes
1126 1658 1167 1710 2,
1192 1658 1234 1701 4.
1261 1658 1319 1712 (3,
1346 1658 1445 1702 318.
1471 1657 1567 1710 W.)
1592 1656 1647 1700 de

215 1726 297 1773 bus
322 1733 629 1771 commemorat
654 1725 1082 1785 ἐπισκυθρωπάζειν
1108 1728 1170 1783 (5)
1195 1728 1271 1771 καὶ
1299 1727 1438 1772 πάλιν
1468 1727 1649 1783 μειδιᾶν

223 1795 434 1842 ἀπιστεῖν
464 1804 561 1849 τοῖς
591 1796 755 1852 ἰ’χνεσιν
780 1823 837 1828 —
863 1798 938 1841 καὶ
969 1794 1075 1842 ὅταν
1108 1797 1235 1856 ε’ίπῃ·
1267 1800 1488 1855 θρασεῖαι
1519 1796 1568 1840 δὲ
1601 1796 1650 1840 αἱ

223 1865 365 1913 ἐῶσαι
387 1884 426 1911 τ.
453 1883 494 1911 σ.
520 1884 558 1911 τ.
586 1882 627 1911 σ.
654 1866 718 1919 εἷς
741 1865 793 1912 τὸ
820 1866 1027 1924 πρόσθεν
1055 1866 1169 1911 ἰέναι
1194 1865 1236 1911 ἃ.
1263 1864 1305 1910 ἆ.
1332 1866 1421 1921 19.ss
1446 1867 1486 1911 8.
1511 1866 1578 1910 Id.
1605 1866 1647 1919 2,

210 1938 252 1992 3,
282 1937 353 1983 24.
382 1937 477 1992 W.)
508 1953 685 1981 caussas
718 1953 745 1980 a
773 1937 1069 1995 Xenophonte
1100 1943 1476 1988 commemoratas,
1510 1932 1572 1979 δι’
1595 1935 1650 1988 ἃς

234 2011 316 2052 τοῦ
342 2007 520 2059 δέοντος
545 2004 851 2066 ἀναχωροῦσιν
877 2006 925 2050 αἱ
949 2007 1074 2059 κύνες
1106 2006 1153 2050 ἐκ
1175 2010 1264 2051 τιῖν
1291 2006 1511 2064 διωγμῶν,
1545 2005 1651 2049 dicit

252 2078 491 2134 μαλακίαν,
532 2073 745 2135 ἀήθειαν,
784 2075 837 2121 τὸ
875 2078 951 2120 καὶ
984 2076 1057 2129 τό,
1098 2078 1465 2135 φιλανθρωπίαν.
1515 2075 1650 2134 Apud

211 2163 256 2208 g.
277 2147 379 2192 Cor.
402 2146 572 2191 Comm.
594 2146 650 2190 ad
667 2146 878 2204 Hermog.
900 2147 939 2199 1,
967 2147 1007 2191 8.
1034 2147 1092 2201 (7,
1116 2146 1242 2190 1103.
1264 2146 1373 2200 W.),
1399 2146 1473 2202 qui
1498 2146 1650 2190 eadem

228 2217 362 2263 verba
379 2216 522 2270 habet,
543 2217 639 2261 loco
658 2216 858 2261 vocabuli
884 2214 1054 2275 ἀήθεια
1078 2224 1143 2261 est
1170 2214 1401 2260 ἀσθένεια.
1421 2241 1478 2247 —-
1496 2231 1585 2259 CAP.
1605 2216 1648 2266 4,

207 2298 209 2301 ’
231 2288 315 2333 ibri
339 2281 435 2332 ὦτα
458 2286 667 2346 μικρά-
681 2284 827 2345 ὀσφῦν
846 2286 915 2330 vel
941 2284 1086 2345 ὀσφὺν
1106 2285 1312 2343 σαρκώδη
1326 2285 1650 2342 -προεσταλ-

253 2385 311 2391 -
330 2361 518 2417 μηριέας
540 2355 602 2416 μὴ
628 2356 820 2415 σκληράς
838 2382 898 2388 -
919 2354 1092 2415 εὖπαχῆ
1124 2359 1188 2412 (ut
1211 2355 1253 2408 5,
1281 2355 1368 2409 30).
1409 2354 1534 2411 Quae
1565 2355 1651 2399 alia

201 2429 311 2482 aliis,
336 2429 491 2486 partim
516 2443 540 2471 e
558 2427 750 2480 Polluce,
776 2433 967 2470 correcta
991 2433 1103 2470 sunt.
1123 2426 1141 2480 ΙΙ
1165 2426 1205 2469 3.
1234 2425 1494 2480 ἶχνευόντων
1513 2425 1650 2470 Dind.

193 2513 281 2545 uno
298 2498 383 2543 hoc
402 2497 548 2542 libello
566 2497 803 2555 compluria
821 2496 1171 2554 imperativorum
1189 2495 1432 2553 longiorum
1453 2497 1654 2554 exempla

245 2570 402 2615 iuntur.
446 2567 572 2624 Quae
608 2567 752 2612 omnia
781 2566 979 2610 Elmsleii
1014 2573 1293 2623 praeceptum
1330 2567 1386 2611 ad
1416 2567 1522 2610 Eur.
1552 2566 1650 2624 Iph.

209 2703 211 2705 ’
243 2735 249 2752 2
268 2734 277 2753 2
308 2709 610 2756 macedonicae
634 2708 787 2754 aetatis
811 2708 1005 2767 proprias
1025 2708 1146 2761 dixit,
1174 2715 1216 2752 et
1233 2707 1488 2752 Dindorfius
1505 2706 1651 2752 Anab.

206 2763 301 2829 ΨΒ.
333 2789 376 2854 et
404 2781 539 2840 praef.
565 2795 650 2824 xvx.
684 2779 751 2824 ed.
779 2777 866 2824 Ox.
894 2777 1079 2823 Cautius
1109 2779 1300 2822 iudicant
1324 2777 1579 2836 Kruegerus
1610 2784 1654 2822 et

1314 2847 1359 2882 5*

221 2640 321 2688 480.
343 2639 478 2685 secuti
498 2638 807 2682 damnaverunt
821 2636 1015 2681 Cobetus
1033 2636 1087 2680 N.
1102 2637 1159 2681 L.
1175 2637 1262 2681 327
1277 2652 1340 2694 sq.
1365 2637 1463 2689 774,
1482 2637 1558 2693 qui
1576 2652 1651 2680 eas
1718 2705 1722 2709 β
