<?xml version="1.0" encoding="UTF-8"?>
<!DOCTYPE html PUBLIC "-//W3C//DTD XHTML 1.0 Transitional//EN"
    "http://www.w3.org/TR/xhtml1/DTD/xhtml1-transitional.dtd">
<html xmlns="http://www.w3.org/1999/xhtml" xml:lang="en" lang="en">
 <head>
  <title>
</title>
<meta http-equiv="Content-Type" content="text/html;charset=utf-8" />
  <meta name='ocr-system' content='tesseract 3.04.00' />
  <meta name='ocr-capabilities' content='ocr_page ocr_carea ocr_par ocr_line ocrx_word'/>
</head>
<body>
  <div class='ocr_page' id='page_1' title='image "4737170_0064.png"; bbox 0 0 1784 3136; ppageno 0'>
   <div class='ocr_carea' id='block_1_1' title="bbox 0 0 419 3136">
    <p class='ocr_par' dir='ltr' id='par_1_1' title="bbox 0 0 419 3136">
     <span class='ocr_line' id='line_1_1' title="bbox 0 0 419 421; baseline 0 -53"><span class='ocrx_word' id='word_1_1' title='bbox 0 0 419 421; x_wconf 95' lang='lat' dir='ltr'>   </span> 
     </span>
     <span class='ocr_line' id='line_1_2' title="bbox 0 557 294 633; baseline 0 -52"><span class='ocrx_word' id='word_1_2' title='bbox 0 557 294 633; x_wconf 95' lang='lat' dir='ltr'>  </span> 
     </span>
     <span class='ocr_line' id='line_1_3' title="bbox 0 633 295 790; baseline 0 -24"><span class='ocrx_word' id='word_1_3' title='bbox 0 633 295 790; x_wconf 95' lang='lat' dir='ltr'>   </span> 
     </span>
     <span class='ocr_line' id='line_1_4' title="bbox 0 790 280 976; baseline 0 -70"><span class='ocrx_word' id='word_1_4' title='bbox 0 790 280 976; x_wconf 95' lang='lat' dir='ltr'>   </span> 
     </span>
     <span class='ocr_line' id='line_1_5' title="bbox 0 976 316 1067; baseline 0 0"><span class='ocrx_word' id='word_1_5' title='bbox 0 976 316 1067; x_wconf 95' lang='lat' dir='ltr'>  </span> 
     </span>
     <span class='ocr_line' id='line_1_6' title="bbox 0 1067 264 1138; baseline 0 0"><span class='ocrx_word' id='word_1_6' title='bbox 0 1067 264 1138; x_wconf 95' lang='lat' dir='ltr'>  </span> 
     </span>
     <span class='ocr_line' id='line_1_7' title="bbox 0 1138 269 1345; baseline 0 -23"><span class='ocrx_word' id='word_1_7' title='bbox 0 1138 269 1345; x_wconf 95' lang='lat' dir='ltr'>     </span> 
     </span>
     <span class='ocr_line' id='line_1_8' title="bbox 0 1345 216 1485; baseline 0 -20"><span class='ocrx_word' id='word_1_8' title='bbox 0 1345 216 1485; x_wconf 95' lang='lat' dir='ltr'>   </span> 
     </span>
     <span class='ocr_line' id='line_1_9' title="bbox 0 1485 214 1674; baseline 0 -73"><span class='ocrx_word' id='word_1_9' title='bbox 0 1485 214 1674; x_wconf 95' lang='lat' dir='ltr'>   </span> 
     </span>
     <span class='ocr_line' id='line_1_10' title="bbox 0 1674 306 1831; baseline 0 -20"><span class='ocrx_word' id='word_1_10' title='bbox 0 1674 306 1831; x_wconf 95' lang='lat' dir='ltr'>    </span> 
     </span>
     <span class='ocr_line' id='line_1_11' title="bbox 0 1831 204 1881; baseline 0 1255"><span class='ocrx_word' id='word_1_11' title='bbox 0 1831 204 1881; x_wconf 95' lang='lat' dir='ltr'> </span> 
     </span>
     <span class='ocr_line' id='line_1_12' title="bbox 0 1881 219 2039; baseline 0 -20"><span class='ocrx_word' id='word_1_12' title='bbox 0 1881 219 2039; x_wconf 95' lang='lat' dir='ltr'>   </span> 
     </span>
     <span class='ocr_line' id='line_1_13' title="bbox 0 2039 220 2209; baseline 0 -50"><span class='ocrx_word' id='word_1_13' title='bbox 0 2039 220 2209; x_wconf 95' lang='lat' dir='ltr'>   </span> 
     </span>
     <span class='ocr_line' id='line_1_14' title="bbox 0 2209 249 2298; baseline 0 0"><span class='ocrx_word' id='word_1_14' title='bbox 0 2209 249 2298; x_wconf 95' lang='lat' dir='ltr'>  </span> 
     </span>
     <span class='ocr_line' id='line_1_15' title="bbox 0 2298 221 2461; baseline 0 -22"><span class='ocrx_word' id='word_1_15' title='bbox 0 2298 221 2461; x_wconf 95' lang='lat' dir='ltr'>   </span> 
     </span>
     <span class='ocr_line' id='line_1_16' title="bbox 0 2461 268 2603; baseline 0 -26"><span class='ocrx_word' id='word_1_16' title='bbox 0 2461 268 2603; x_wconf 95' lang='lat' dir='ltr'>   </span> 
     </span>
     <span class='ocr_line' id='line_1_17' title="bbox 0 2603 259 2740; baseline 0 -29"><span class='ocrx_word' id='word_1_17' title='bbox 0 2603 259 2740; x_wconf 95' lang='lat' dir='ltr'>    </span> 
     </span>
     <span class='ocr_line' id='line_1_18' title="bbox 0 2740 419 3136; baseline 0 -279"><span class='ocrx_word' id='word_1_18' title='bbox 0 2740 419 3136; x_wconf 95' lang='lat' dir='ltr'>   </span> 
     </span>
    </p>
   </div>
   <div class='ocr_carea' id='block_1_2' title="bbox 81 209 1684 2828">
    <p class='ocr_par' dir='ltr' id='par_1_2' title="bbox 69 209 1684 2828">
     <span class='ocr_line' id='line_1_19' title="bbox 466 209 1645 322; baseline 0 -15"><span class='ocrx_word' id='word_1_19' title='bbox 466 255 507 307; x_wconf 38' lang='lat' dir='ltr'>s21*</span> <span class='ocrx_word' id='word_1_20' title='bbox 524 251 673 311; x_wconf 76' lang='lat' dir='ltr'>schol</span> <span class='ocrx_word' id='word_1_21' title='bbox 702 228 909 322; x_wconf 75' lang='lat' dir='ltr'>bypomn.</span> <span class='ocrx_word' id='word_1_22' title='bbox 940 220 985 316; x_wconf 92' lang='lat'>5,</span> <span class='ocrx_word' id='word_1_23' title='bbox 1016 263 1117 308; x_wconf 91' lang='lat'><strong>267.</strong></span> <span class='ocrx_word' id='word_1_24' title='bbox 1143 209 1162 320; x_wconf 71' lang='grc' dir='ltr'>Η</span> <span class='ocrx_word' id='word_1_25' title='bbox 1190 261 1235 306; x_wconf 91' lang='grc'>4.</span> <span class='ocrx_word' id='word_1_26' title='bbox 1266 278 1313 306; x_wconf 82' lang='grc' dir='ltr'>τι</span> <span class='ocrx_word' id='word_1_27' title='bbox 1342 257 1395 306; x_wconf 77' lang='grc' dir='ltr'>τὸ</span> <span class='ocrx_word' id='word_1_28' title='bbox 1428 259 1645 318; x_wconf 80' lang='grc' dir='ltr'><em>δημόσιον</em></span> 
     </span>
     <span class='ocr_line' id='line_1_20' title="bbox 292 323 1645 393; baseline -0.001 -17.096"><span class='ocrx_word' id='word_1_29' title='bbox 292 390 295 393; x_wconf 14' lang='lat' dir='ltr'>f</span> <span class='ocrx_word' id='word_1_30' title='bbox 372 323 458 379; x_wconf 57' lang='lat' dir='ltr'>*db*</span> <span class='ocrx_word' id='word_1_31' title='bbox 471 325 573 391; x_wconf 80' lang='lat' dir='ltr'>post</span> <span class='ocrx_word' id='word_1_32' title='bbox 602 331 764 389; x_wconf 77' lang='grc' dir='ltr'>χρόνον</span> <span class='ocrx_word' id='word_1_33' title='bbox 802 333 904 377; x_wconf 86' lang='lat' dir='ltr'>addi</span> <span class='ocrx_word' id='word_1_34' title='bbox 944 333 1070 378; x_wconf 80' lang='lat' dir='ltr'>iussit</span> <span class='ocrx_word' id='word_1_35' title='bbox 1104 331 1288 377; x_wconf 90' lang='lat' dir='ltr'>Leoncl.</span> <span class='ocrx_word' id='word_1_36' title='bbox 1320 330 1338 387; x_wconf 89' lang='grc' dir='ltr'>ΙΙ</span> <span class='ocrx_word' id='word_1_37' title='bbox 1374 328 1645 390; x_wconf 77' lang='grc' dir='ltr'><strong><em>ἀστρατείας</em></strong></span> 
     </span>
     <span class='ocr_line' id='line_1_21' title="bbox 302 399 1642 461; baseline -0.001 -15.08"><span class='ocrx_word' id='word_1_38' title='bbox 302 400 394 446; x_wconf 68' lang='grc' dir='ltr'>ἶἱΙπί</span> <span class='ocrx_word' id='word_1_39' title='bbox 416 401 579 446; x_wconf 86' lang='lat' dir='ltr'>Pariss.</span> <span class='ocrx_word' id='word_1_40' title='bbox 606 407 832 461; x_wconf 85' lang='grc' dir='ltr'><strong>στρατιᾶς.</strong></span> <span class='ocrx_word' id='word_1_41' title='bbox 852 402 926 447; x_wconf 92' lang='lat' dir='ltr'>Al.</span> <span class='ocrx_word' id='word_1_42' title='bbox 953 406 1201 461; x_wconf 83' lang='grc' dir='ltr'><strong>στρατείας.</strong></span> <span class='ocrx_word' id='word_1_43' title='bbox 1222 401 1239 457; x_wconf 86' lang='grc' dir='ltr'>Η</span> <span class='ocrx_word' id='word_1_44' title='bbox 1263 399 1488 460; x_wconf 83' lang='grc' dir='ltr'>ὗβρίσωσι</span> <span class='ocrx_word' id='word_1_45' title='bbox 1504 399 1642 444; x_wconf 90' lang='lat' dir='ltr'>Dind.</span> 
     </span>
     <span class='ocr_line' id='line_1_22' title="bbox 292 465 1642 528; baseline -0.002 -11"><span class='ocrx_word' id='word_1_46' title='bbox 292 466 500 518; x_wconf 60' lang='grc' dir='ltr'><strong>οἴεσθαι.</strong></span> <span class='ocrx_word' id='word_1_47' title='bbox 517 470 718 516; x_wconf 76' lang='lat' dir='ltr'>Correxit</span> <span class='ocrx_word' id='word_1_48' title='bbox 739 465 947 516; x_wconf 86' lang='lat' dir='ltr'>Castalio.</span> <span class='ocrx_word' id='word_1_49' title='bbox 970 472 1057 517; x_wconf 79' lang='grc' dir='ltr'><em>οἴει</em></span> <span class='ocrx_word' id='word_1_50' title='bbox 1074 472 1231 516; x_wconf 89' lang='lat' dir='ltr'>Heinr.</span> <span class='ocrx_word' id='word_1_51' title='bbox 1251 473 1269 528; x_wconf 81' lang='grc' dir='ltr'>ΙΙ</span> <span class='ocrx_word' id='word_1_52' title='bbox 1294 471 1366 514; x_wconf 90' lang='lat' dir='ltr'>De</span> <span class='ocrx_word' id='word_1_53' title='bbox 1384 470 1642 515; x_wconf 87' lang='lat' dir='ltr'>tributorum</span> 
     </span>
     <span class='ocr_line' id='line_1_23' title="bbox 294 539 1641 602; baseline 0 -17"><span class='ocrx_word' id='word_1_54' title='bbox 294 552 465 602; x_wconf 82' lang='lat' dir='ltr'>quoque</span> <span class='ocrx_word' id='word_1_55' title='bbox 495 556 607 586; x_wconf 89' lang='lat' dir='ltr'>anno</span> <span class='ocrx_word' id='word_1_56' title='bbox 636 541 754 601; x_wconf 81' lang='lat' dir='ltr'>facta</span> <span class='ocrx_word' id='word_1_57' title='bbox 783 541 1070 600; x_wconf 85' lang='lat' dir='ltr'>descriptione</span> <span class='ocrx_word' id='word_1_58' title='bbox 1100 548 1268 600; x_wconf 86' lang='lat' dir='ltr'>praeter</span> <span class='ocrx_word' id='word_1_59' title='bbox 1296 541 1490 585; x_wconf 89' lang='lat' dir='ltr'>Boeckh.</span> <span class='ocrx_word' id='word_1_60' title='bbox 1521 539 1641 586; x_wconf 86' lang='lat' dir='ltr'>Siev.</span> 
     </span>
     <span class='ocr_line' id='line_1_24' title="bbox 264 609 1641 668; baseline -0.002 -11"><span class='ocrx_word' id='word_1_61' title='bbox 264 610 343 657; x_wconf 73' lang='lat' dir='ltr'>Gr.</span> <span class='ocrx_word' id='word_1_62' title='bbox 365 609 476 659; x_wconf 88' lang='lat'><strong>218.</strong></span> <span class='ocrx_word' id='word_1_63' title='bbox 506 610 647 654; x_wconf 86' lang='lat' dir='ltr'>Rehd.</span> <span class='ocrx_word' id='word_1_64' title='bbox 680 611 838 668; x_wconf 91' lang='lat' dir='ltr'>Iphicr.</span> <span class='ocrx_word' id='word_1_65' title='bbox 864 610 936 654; x_wconf 90' lang='lat'>56.</span> <span class='ocrx_word' id='word_1_66' title='bbox 968 611 1081 654; x_wconf 89' lang='lat' dir='ltr'><strong>Bak.</strong></span> <span class='ocrx_word' id='word_1_67' title='bbox 1109 611 1193 654; x_wconf 92' lang='lat'>127</span> <span class='ocrx_word' id='word_1_68' title='bbox 1220 626 1313 667; x_wconf 86' lang='lat' dir='ltr'><strong>sqq.</strong></span> <span class='ocrx_word' id='word_1_69' title='bbox 1345 611 1506 654; x_wconf 87' lang='lat' dir='ltr'>Rosch.</span> <span class='ocrx_word' id='word_1_70' title='bbox 1539 611 1641 655; x_wconf 89' lang='lat'>537.</span> 
     </span>
     <span class='ocr_line' id='line_1_25' title="bbox 276 676 1642 737; baseline 0 -14"><span class='ocrx_word' id='word_1_71' title='bbox 276 679 348 729; x_wconf 82' lang='lat'>30.</span> <span class='ocrx_word' id='word_1_72' title='bbox 372 676 584 724; x_wconf 85' lang='lat' dir='ltr'>videndus</span> <span class='ocrx_word' id='word_1_73' title='bbox 608 679 813 733; x_wconf 88' lang='lat' dir='ltr'>Rothius,</span> <span class='ocrx_word' id='word_1_74' title='bbox 847 681 921 737; x_wconf 92' lang='lat' dir='ltr'>qui</span> <span class='ocrx_word' id='word_1_75' title='bbox 952 681 1006 724; x_wconf 92' lang='lat' dir='ltr'>de</span> <span class='ocrx_word' id='word_1_76' title='bbox 1030 680 1114 724; x_wconf 92' lang='lat' dir='ltr'>hoc</span> <span class='ocrx_word' id='word_1_77' title='bbox 1143 680 1240 724; x_wconf 94' lang='lat' dir='ltr'>loco</span> <span class='ocrx_word' id='word_1_78' title='bbox 1271 680 1642 724; x_wconf 84' lang='lat' dir='ltr'>commentationis</span> 
     </span>
     <span class='ocr_line' id='line_1_26' title="bbox 295 749 1644 811; baseline -0.001 -18"><span class='ocrx_word' id='word_1_79' title='bbox 295 749 369 811; x_wconf 78' lang='lat' dir='ltr'>bet</span> <span class='ocrx_word' id='word_1_80' title='bbox 392 749 672 807; x_wconf 81' lang='lat' dir='ltr'>appendicem</span> <span class='ocrx_word' id='word_1_81' title='bbox 697 764 739 806; x_wconf 90' lang='lat' dir='ltr'>p.</span> <span class='ocrx_word' id='word_1_82' title='bbox 761 749 961 802; x_wconf 85' lang='lat'>58—64,</span> <span class='ocrx_word' id='word_1_83' title='bbox 988 750 1034 792; x_wconf 89' lang='lat' dir='ltr'>in</span> <span class='ocrx_word' id='word_1_84' title='bbox 1058 765 1143 806; x_wconf 86' lang='lat' dir='ltr'>qua</span> <span class='ocrx_word' id='word_1_85' title='bbox 1162 751 1217 793; x_wconf 90' lang='lat' dir='ltr'>de</span> <span class='ocrx_word' id='word_1_86' title='bbox 1235 749 1493 793; x_wconf 88' lang='lat' dir='ltr'>tributorum</span> <span class='ocrx_word' id='word_1_87' title='bbox 1515 749 1644 793; x_wconf 88' lang='lat' dir='ltr'>sociis</span> 
     </span>
     <span class='ocr_line' id='line_1_27' title="bbox 278 812 1645 877; baseline 0 -14"><span class='ocrx_word' id='word_1_88' title='bbox 278 826 418 863; x_wconf 70' lang='lat' dir='ltr'>torum</span> <span class='ocrx_word' id='word_1_89' title='bbox 444 818 729 877; x_wconf 81' lang='lat' dir='ltr'>descriptione</span> <span class='ocrx_word' id='word_1_90' title='bbox 753 820 944 877; x_wconf 87' lang='lat' dir='ltr'>disputat</span> <span class='ocrx_word' id='word_1_91' title='bbox 969 827 1011 863; x_wconf 89' lang='lat' dir='ltr'>et</span> <span class='ocrx_word' id='word_1_92' title='bbox 1033 819 1142 864; x_wconf 91' lang='lat' dir='ltr'>libro</span> <span class='ocrx_word' id='word_1_93' title='bbox 1167 812 1379 864; x_wconf 89' lang='lat' dir='ltr'>Boeckhii</span> <span class='ocrx_word' id='word_1_94' title='bbox 1409 819 1645 863; x_wconf 84' lang='lat' dir='ltr'>adiunctis-</span> 
     </span>
     <span class='ocr_line' id='line_1_28' title="bbox 280 888 1644 947; baseline -0.001 -14"><span class='ocrx_word' id='word_1_95' title='bbox 280 888 395 941; x_wconf 84' lang='lat' dir='ltr'>bulis</span> <span class='ocrx_word' id='word_1_96' title='bbox 429 889 611 946; x_wconf 80' lang='lat' dir='ltr'>lapideis</span> <span class='ocrx_word' id='word_1_97' title='bbox 649 889 821 932; x_wconf 88' lang='lat' dir='ltr'>adiutus</span> <span class='ocrx_word' id='word_1_98' title='bbox 862 890 1126 932; x_wconf 88' lang='lat' dir='ltr'>demonstrat</span> <span class='ocrx_word' id='word_1_99' title='bbox 1161 905 1296 933; x_wconf 85' lang='lat' dir='ltr'>novas</span> <span class='ocrx_word' id='word_1_100' title='bbox 1333 890 1644 947; x_wconf 86' lang='lat' dir='ltr'>descriptiones</span> 
     </span>
     <span class='ocr_line' id='line_1_29' title="bbox 310 956 1644 1013; baseline 0 -9"><span class='ocrx_word' id='word_1_101' title='bbox 310 973 382 1004; x_wconf 83' lang='lat' dir='ltr'>sse</span> <span class='ocrx_word' id='word_1_102' title='bbox 411 958 534 1003; x_wconf 87' lang='lat' dir='ltr'>annis</span> <span class='ocrx_word' id='word_1_103' title='bbox 549 958 662 1002; x_wconf 53' lang='lat'><strong>236.</strong></span> <span class='ocrx_word' id='word_1_104' title='bbox 686 958 787 1002; x_wconf 82' lang='lat'><strong>432.</strong></span> <span class='ocrx_word' id='word_1_105' title='bbox 813 958 915 1002; x_wconf 88' lang='lat'><strong>424.</strong></span> <span class='ocrx_word' id='word_1_106' title='bbox 940 958 1042 1002; x_wconf 91' lang='grc'><strong>421.</strong></span> <span class='ocrx_word' id='word_1_107' title='bbox 1068 958 1169 1003; x_wconf 91' lang='grc'><strong>417.</strong></span> <span class='ocrx_word' id='word_1_108' title='bbox 1195 959 1296 1003; x_wconf 83' lang='grc'><strong>413.</strong></span> <span class='ocrx_word' id='word_1_109' title='bbox 1322 958 1340 1013; x_wconf 89' lang='grc' dir='ltr'>ΙΙ</span> <span class='ocrx_word' id='word_1_110' title='bbox 1371 960 1412 1003; x_wconf 89' lang='grc'>6.</span> <span class='ocrx_word' id='word_1_111' title='bbox 1447 956 1644 1004; x_wconf 75' lang='grc' dir='ltr'><strong><em>αὐτόθεν</em></strong></span> 
     </span>
     <span class='ocr_line' id='line_1_30' title="bbox 285 1023 1684 1086; baseline 0 -13"><span class='ocrx_word' id='word_1_112' title='bbox 285 1063 296 1073; x_wconf 97' lang='grc'>.</span> <span class='ocrx_word' id='word_1_113' title='bbox 316 1028 335 1083; x_wconf 86' lang='grc' dir='ltr'>ΙΙ</span> <span class='ocrx_word' id='word_1_114' title='bbox 359 1028 631 1085; x_wconf 78' lang='grc' dir='ltr'><strong><em>ἐπαρκοῦσιν</em></strong></span> <span class='ocrx_word' id='word_1_115' title='bbox 644 1027 702 1070; x_wconf 89' lang='lat' dir='ltr'>id.</span> <span class='ocrx_word' id='word_1_116' title='bbox 716 1027 842 1071; x_wconf 91' lang='lat' dir='ltr'>Libri</span> <span class='ocrx_word' id='word_1_117' title='bbox 861 1025 1152 1086; x_wconf 76' lang='grc' dir='ltr'><strong>ὑπάρχουσιν.</strong></span> <span class='ocrx_word' id='word_1_118' title='bbox 1173 1026 1190 1082; x_wconf 90' lang='grc' dir='ltr'>ΙΙ</span> <span class='ocrx_word' id='word_1_119' title='bbox 1217 1028 1255 1073; x_wconf 90' lang='grc'>7.</span> <span class='ocrx_word' id='word_1_120' title='bbox 1276 1025 1337 1086; x_wconf 83' lang='grc' dir='ltr'>μὴ</span> <span class='ocrx_word' id='word_1_121' title='bbox 1359 1025 1487 1085; x_wconf 80' lang='grc' dir='ltr'><strong><em>ὀλίγα</em></strong></span> <span class='ocrx_word' id='word_1_122' title='bbox 1507 1028 1644 1073; x_wconf 92' lang='lat' dir='ltr'>Zeun.</span> <span class='ocrx_word' id='word_1_123' title='bbox 1669 1023 1684 1039; x_wconf 78' lang='lat'><strong>‘</strong></span> 
     </span>
     <span class='ocr_line' id='line_1_31' title="bbox 227 1094 1645 1155; baseline -0.001 -12"><span class='ocrx_word' id='word_1_124' title='bbox 227 1098 345 1155; x_wconf 63' lang='grc' dir='ltr'>Ῐμὲν</span> <span class='ocrx_word' id='word_1_125' title='bbox 370 1094 436 1142; x_wconf 83' lang='grc' dir='ltr'>ὄλ.</span> <span class='ocrx_word' id='word_1_126' title='bbox 462 1098 564 1143; x_wconf 92' lang='lat' dir='ltr'>Vid.</span> <span class='ocrx_word' id='word_1_127' title='bbox 594 1097 718 1141; x_wconf 87' lang='lat' dir='ltr'>Grot.</span> <span class='ocrx_word' id='word_1_128' title='bbox 746 1097 863 1141; x_wconf 85' lang='lat' dir='ltr'>Hist.</span> <span class='ocrx_word' id='word_1_129' title='bbox 891 1096 968 1142; x_wconf 87' lang='lat' dir='ltr'>Gr.</span> <span class='ocrx_word' id='word_1_130' title='bbox 994 1098 1035 1149; x_wconf 87' lang='lat'>3,</span> <span class='ocrx_word' id='word_1_131' title='bbox 1062 1097 1162 1141; x_wconf 83' lang='lat'><strong>294.</strong></span> <span class='ocrx_word' id='word_1_132' title='bbox 1189 1096 1207 1152; x_wconf 87' lang='grc' dir='ltr'>Η</span> <span class='ocrx_word' id='word_1_133' title='bbox 1239 1097 1508 1142; x_wconf 80' lang='grc' dir='ltr'><strong><em>συνδεκάσαι</em></strong></span> <span class='ocrx_word' id='word_1_134' title='bbox 1532 1098 1645 1141; x_wconf 75' lang='lat' dir='ltr'>Lex·</span> 
     </span>
     <span class='ocr_line' id='line_1_32' title="bbox 221 1157 1646 1226; baseline -0.001 -14"><span class='ocrx_word' id='word_1_135' title='bbox 221 1157 389 1226; x_wconf 59' lang='lat' dir='ltr'><strong>23Schn.</strong></span> <span class='ocrx_word' id='word_1_136' title='bbox 410 1167 464 1210; x_wconf 87' lang='lat' dir='ltr'>al.</span> <span class='ocrx_word' id='word_1_137' title='bbox 485 1166 612 1210; x_wconf 90' lang='lat' dir='ltr'>Libri</span> <span class='ocrx_word' id='word_1_138' title='bbox 631 1166 907 1211; x_wconf 81' lang='grc' dir='ltr'><strong>συνδικάσαι.</strong></span> <span class='ocrx_word' id='word_1_139' title='bbox 928 1166 946 1222; x_wconf 90' lang='grc' dir='ltr'>ΙΙ</span> <span class='ocrx_word' id='word_1_140' title='bbox 971 1167 1011 1211; x_wconf 90' lang='grc'>9.</span> <span class='ocrx_word' id='word_1_141' title='bbox 1038 1167 1272 1211; x_wconf 90' lang='lat' dir='ltr'>Librorum</span> <span class='ocrx_word' id='word_1_142' title='bbox 1298 1167 1472 1212; x_wconf 74' lang='grc' dir='ltr'><strong><em>οἴονται</em></strong></span> <span class='ocrx_word' id='word_1_143' title='bbox 1496 1167 1646 1222; x_wconf 74' lang='grc' dir='ltr'><em>πολλά</em></span> 
     </span>
     <span class='ocr_line' id='line_1_33' title="bbox 221 1234 1643 1293; baseline 0 -12"><span class='ocrx_word' id='word_1_144' title='bbox 221 1237 320 1281; x_wconf 81' lang='lat' dir='ltr'>-.··t·</span> <span class='ocrx_word' id='word_1_145' title='bbox 343 1235 506 1281; x_wconf 85' lang='lat' dir='ltr'>Castal.</span> <span class='ocrx_word' id='word_1_146' title='bbox 538 1234 556 1289; x_wconf 93' lang='grc' dir='ltr'>ΙΙ</span> <span class='ocrx_word' id='word_1_147' title='bbox 594 1237 662 1280; x_wconf 92' lang='grc'>10.</span> <span class='ocrx_word' id='word_1_148' title='bbox 706 1235 841 1280; x_wconf 79' lang='grc' dir='ltr'><strong><em>τοῦτό</em></strong></span> <span class='ocrx_word' id='word_1_149' title='bbox 879 1252 953 1279; x_wconf 86' lang='grc' dir='ltr'>τοι</span> <span class='ocrx_word' id='word_1_150' title='bbox 989 1236 1160 1280; x_wconf 80' lang='lat' dir='ltr'>Weisk.</span> <span class='ocrx_word' id='word_1_151' title='bbox 1204 1236 1330 1280; x_wconf 87' lang='lat' dir='ltr'>Libri</span> <span class='ocrx_word' id='word_1_152' title='bbox 1372 1237 1505 1281; x_wconf 78' lang='grc' dir='ltr'><strong><em>τοῦτο’</em></strong></span> <span class='ocrx_word' id='word_1_153' title='bbox 1548 1254 1643 1293; x_wconf 84' lang='grc' dir='ltr'><strong>μοι.</strong></span> 
     </span>
     <span class='ocr_line' id='line_1_34' title="bbox 228 1303 1643 1361; baseline 0 -10"><span class='ocrx_word' id='word_1_154' title='bbox 228 1353 230 1355; x_wconf 63' lang='grc'><strong>,</strong></span> <span class='ocrx_word' id='word_1_155' title='bbox 250 1322 313 1361; x_wconf 87' lang='lat' dir='ltr'>m</span> <span class='ocrx_word' id='word_1_156' title='bbox 337 1321 489 1351; x_wconf 87' lang='lat' dir='ltr'>vocem</span> <span class='ocrx_word' id='word_1_157' title='bbox 513 1306 597 1350; x_wconf 90' lang='lat' dir='ltr'>del.</span> <span class='ocrx_word' id='word_1_158' title='bbox 623 1305 791 1350; x_wconf 90' lang='lat' dir='ltr'>Morus.</span> <span class='ocrx_word' id='word_1_159' title='bbox 817 1303 835 1360; x_wconf 90' lang='grc' dir='ltr'>ΙΙ</span> <span class='ocrx_word' id='word_1_160' title='bbox 865 1305 1013 1352; x_wconf 90' lang='lat' dir='ltr'>Verba</span> <span class='ocrx_word' id='word_1_161' title='bbox 1037 1307 1160 1351; x_wconf 92' lang='lat' dir='ltr'>uncis</span> <span class='ocrx_word' id='word_1_162' title='bbox 1186 1306 1450 1350; x_wconf 87' lang='lat' dir='ltr'>circumdata</span> <span class='ocrx_word' id='word_1_163' title='bbox 1474 1313 1558 1351; x_wconf 84' lang='lat' dir='ltr'>om.</span> <span class='ocrx_word' id='word_1_164' title='bbox 1583 1307 1643 1352; x_wconf 90' lang='lat' dir='ltr'>A.</span> 
     </span>
     <span class='ocr_line' id='line_1_35' title="bbox 197 1372 1646 1435; baseline 0.001 -16"><span class='ocrx_word' id='word_1_165' title='bbox 197 1376 458 1435; x_wconf 75' lang='lat' dir='ltr'>quideinde</span> <span class='ocrx_word' id='word_1_166' title='bbox 493 1372 645 1420; x_wconf 73' lang='grc' dir='ltr'><em>εὔνουν</em></span> <span class='ocrx_word' id='word_1_167' title='bbox 669 1391 747 1433; x_wconf 90' lang='lat' dir='ltr'>pro</span> <span class='ocrx_word' id='word_1_168' title='bbox 773 1373 901 1420; x_wconf 80' lang='grc' dir='ltr'><strong>εἶναι.</strong></span> <span class='ocrx_word' id='word_1_169' title='bbox 927 1375 945 1431; x_wconf 90' lang='grc' dir='ltr'>ΙΙ</span> <span class='ocrx_word' id='word_1_170' title='bbox 978 1377 1046 1420; x_wconf 93' lang='grc'>11.</span> <span class='ocrx_word' id='word_1_171' title='bbox 1079 1377 1151 1420; x_wconf 94' lang='lat' dir='ltr'>De</span> <span class='ocrx_word' id='word_1_172' title='bbox 1181 1377 1338 1433; x_wconf 87' lang='lat' dir='ltr'>triplici</span> <span class='ocrx_word' id='word_1_173' title='bbox 1362 1377 1478 1433; x_wconf 91' lang='lat' dir='ltr'>quod</span> <span class='ocrx_word' id='word_1_174' title='bbox 1502 1377 1646 1420; x_wconf 89' lang='lat' dir='ltr'>afferri</span> 
     </span>
     <span class='ocr_line' id='line_1_36' title="bbox 216 1444 1648 1503; baseline -0.001 -13"><span class='ocrx_word' id='word_1_175' title='bbox 216 1453 286 1492; x_wconf 82' lang='lat' dir='ltr'>tur</span> <span class='ocrx_word' id='word_1_176' title='bbox 313 1445 452 1503; x_wconf 86' lang='lat' dir='ltr'>plebis</span> <span class='ocrx_word' id='word_1_177' title='bbox 485 1444 565 1488; x_wconf 88' lang='lat' dir='ltr'>sub</span> <span class='ocrx_word' id='word_1_178' title='bbox 598 1445 887 1488; x_wconf 82' lang='lat' dir='ltr'>dominatione</span> <span class='ocrx_word' id='word_1_179' title='bbox 912 1446 1181 1502; x_wconf 90' lang='lat' dir='ltr'>optimatium</span> <span class='ocrx_word' id='word_1_180' title='bbox 1205 1446 1251 1488; x_wconf 92' lang='lat' dir='ltr'>in</span> <span class='ocrx_word' id='word_1_181' title='bbox 1277 1446 1526 1490; x_wconf 84' lang='lat' dir='ltr'>servitutem</span> <span class='ocrx_word' id='word_1_182' title='bbox 1551 1446 1648 1489; x_wconf 89' lang='lat' dir='ltr'>red-</span> 
     </span>
     <span class='ocr_line' id='line_1_37' title="bbox 213 1514 1648 1572; baseline 0 -13"><span class='ocrx_word' id='word_1_183' title='bbox 213 1530 255 1564; x_wconf 56' lang='lat' dir='ltr'>e,</span> <span class='ocrx_word' id='word_1_184' title='bbox 280 1514 478 1572; x_wconf 86' lang='lat' dir='ltr'>exemplo</span> <span class='ocrx_word' id='word_1_185' title='bbox 520 1514 661 1570; x_wconf 90' lang='lat' dir='ltr'>deque</span> <span class='ocrx_word' id='word_1_186' title='bbox 702 1514 841 1571; x_wconf 90' lang='lat' dir='ltr'>primo</span> <span class='ocrx_word' id='word_1_187' title='bbox 884 1514 1028 1558; x_wconf 86' lang='lat' dir='ltr'>verbis</span> <span class='ocrx_word' id='word_1_188' title='bbox 1071 1522 1237 1558; x_wconf 91' lang='lat' dir='ltr'>tantum</span> <span class='ocrx_word' id='word_1_189' title='bbox 1281 1516 1492 1559; x_wconf 83' lang='lat' dir='ltr'>sententia</span> <span class='ocrx_word' id='word_1_190' title='bbox 1533 1516 1648 1559; x_wconf 88' lang='lat' dir='ltr'>iusta</span> 
     </span>
     <span class='ocr_line' id='line_1_38' title="bbox 214 1581 1644 1643; baseline 0.001 -16"><span class='ocrx_word' id='word_1_191' title='bbox 214 1583 360 1628; x_wconf 86' lang='lat' dir='ltr'>ntibus</span> <span class='ocrx_word' id='word_1_192' title='bbox 381 1583 621 1642; x_wconf 87' lang='lat' dir='ltr'>significato</span> <span class='ocrx_word' id='word_1_193' title='bbox 640 1598 681 1626; x_wconf 80' lang='lat' dir='ltr'>V.</span> <span class='ocrx_word' id='word_1_194' title='bbox 705 1581 816 1627; x_wconf 85' lang='lat' dir='ltr'><strong>Cob.</strong></span> <span class='ocrx_word' id='word_1_195' title='bbox 840 1582 936 1627; x_wconf 89' lang='lat'><strong>748.</strong></span> <span class='ocrx_word' id='word_1_196' title='bbox 956 1582 974 1638; x_wconf 86' lang='grc' dir='ltr'>Η</span> <span class='ocrx_word' id='word_1_197' title='bbox 1001 1584 1069 1628; x_wconf 85' lang='grc'>12.</span> <span class='ocrx_word' id='word_1_198' title='bbox 1096 1582 1324 1641; x_wconf 81' lang='grc' dir='ltr'><em>ὗποβάλοι</em></span> <span class='ocrx_word' id='word_1_199' title='bbox 1341 1584 1494 1629; x_wconf 91' lang='lat' dir='ltr'>Heinr.</span> <span class='ocrx_word' id='word_1_200' title='bbox 1515 1583 1533 1639; x_wconf 87' lang='grc' dir='ltr'>Η</span> <span class='ocrx_word' id='word_1_201' title='bbox 1558 1582 1644 1643; x_wconf 77' lang='grc' dir='ltr'>ἐγώ</span> 
     </span>
     <span class='ocr_line' id='line_1_39' title="bbox 229 1649 1646 1718; baseline 0.001 -20"><span class='ocrx_word' id='word_1_202' title='bbox 229 1667 310 1718; x_wconf 53' lang='lat' dir='ltr'>stu.</span> <span class='ocrx_word' id='word_1_203' title='bbox 333 1656 425 1710; x_wconf 82' lang='grc' dir='ltr'><strong>μέν,</strong></span> <span class='ocrx_word' id='word_1_204' title='bbox 454 1649 527 1698; x_wconf 76' lang='grc' dir='ltr'>ὅτι</span> <span class='ocrx_word' id='word_1_205' title='bbox 552 1652 671 1697; x_wconf 73' lang='grc' dir='ltr'><strong><em>ἔστιν</em></strong></span> <span class='ocrx_word' id='word_1_206' title='bbox 698 1655 743 1697; x_wconf 83' lang='grc' dir='ltr'>οἳ</span> <span class='ocrx_word' id='word_1_207' title='bbox 767 1650 934 1706; x_wconf 75' lang='grc' dir='ltr'><em>ἀδίκως</em></span> <span class='ocrx_word' id='word_1_208' title='bbox 965 1651 1211 1712; x_wconf 75' lang='grc' dir='ltr'><strong><em>ἠτίμωνται</em></strong></span> <span class='ocrx_word' id='word_1_209' title='bbox 1244 1653 1354 1698; x_wconf 85' lang='lat' dir='ltr'><strong>Cob.</strong></span> <span class='ocrx_word' id='word_1_210' title='bbox 1384 1655 1482 1699; x_wconf 88' lang='lat'><strong>749.</strong></span> <span class='ocrx_word' id='word_1_211' title='bbox 1517 1670 1646 1712; x_wconf 88' lang='lat' dir='ltr'>quem</span> 
     </span>
     <span class='ocr_line' id='line_1_40' title="bbox 260 1723 1648 1782; baseline 0.001 -15"><span class='ocrx_word' id='word_1_212' title='bbox 260 1735 263 1736; x_wconf 69' lang='grc'>’</span> <span class='ocrx_word' id='word_1_213' title='bbox 306 1723 504 1768; x_wconf 83' lang='lat' dir='ltr'>dictionis</span> <span class='ocrx_word' id='word_1_214' title='bbox 542 1730 769 1780; x_wconf 86' lang='lat' dir='ltr'>suspectae</span> <span class='ocrx_word' id='word_1_215' title='bbox 806 1724 1004 1781; x_wconf 88' lang='lat' dir='ltr'>exempla</span> <span class='ocrx_word' id='word_1_216' title='bbox 1040 1740 1128 1768; x_wconf 91' lang='lat' dir='ltr'>uno</span> <span class='ocrx_word' id='word_1_217' title='bbox 1165 1725 1351 1768; x_wconf 84' lang='lat' dir='ltr'>auxisse.</span> <span class='ocrx_word' id='word_1_218' title='bbox 1406 1724 1648 1782; x_wconf 87' lang='lat' dir='ltr'>Postquam</span> 
     </span>
     <span class='ocr_line' id='line_1_41' title="bbox 257 1793 1646 1852; baseline 0 -13"><span class='ocrx_word' id='word_1_219' title='bbox 257 1793 311 1839; x_wconf 72' lang='grc' dir='ltr'>οἵ</span> <span class='ocrx_word' id='word_1_220' title='bbox 325 1793 594 1852; x_wconf 84' lang='lat' dir='ltr'>grammatici</span> <span class='ocrx_word' id='word_1_221' title='bbox 617 1793 752 1838; x_wconf 88' lang='lat' dir='ltr'>nostri</span> <span class='ocrx_word' id='word_1_222' title='bbox 778 1793 978 1837; x_wconf 89' lang='lat' dir='ltr'>dixerunt</span> <span class='ocrx_word' id='word_1_223' title='bbox 1001 1795 1138 1838; x_wconf 88' lang='lat' dir='ltr'>rarius</span> <span class='ocrx_word' id='word_1_224' title='bbox 1164 1810 1260 1839; x_wconf 86' lang='lat' dir='ltr'>esse</span> <span class='ocrx_word' id='word_1_225' title='bbox 1285 1810 1414 1851; x_wconf 84' lang='lat' dir='ltr'>quam</span> <span class='ocrx_word' id='word_1_226' title='bbox 1442 1794 1562 1839; x_wconf 71' lang='grc' dir='ltr'><strong><em>ἔστιν</em></strong></span> <span class='ocrx_word' id='word_1_227' title='bbox 1588 1795 1646 1850; x_wconf 80' lang='grc' dir='ltr'>οἵ,</span> 
     </span>
     <span class='ocr_line' id='line_1_42' title="bbox 104 1861 1646 1923; baseline 0 -16"><span class='ocrx_word' id='word_1_228' title='bbox 73 1898 115 1923; x_wconf 32' lang='grc' dir='ltr'>ἶ</span> <span class='ocrx_word' id='word_1_229' title='bbox 133 1910 144 1922; x_wconf 33' lang='lat'>¹,</span> <span class='ocrx_word' id='word_1_230' title='bbox 204 1878 247 1906; x_wconf 90' lang='lat' dir='ltr'>m</span> <span class='ocrx_word' id='word_1_231' title='bbox 271 1863 432 1907; x_wconf 83' lang='lat' dir='ltr'>Bernh.</span> <span class='ocrx_word' id='word_1_232' title='bbox 461 1861 588 1921; x_wconf 83' lang='lat' dir='ltr'>Synt.</span> <span class='ocrx_word' id='word_1_233' title='bbox 608 1863 709 1906; x_wconf 93' lang='lat'><strong>417.</strong></span> <span class='ocrx_word' id='word_1_234' title='bbox 736 1863 851 1906; x_wconf 93' lang='lat' dir='ltr'>Lob.</span> <span class='ocrx_word' id='word_1_235' title='bbox 878 1862 1047 1906; x_wconf 84' lang='lat' dir='ltr'>Pathol.</span> <span class='ocrx_word' id='word_1_236' title='bbox 1074 1865 1116 1915; x_wconf 91' lang='lat'>2,</span> <span class='ocrx_word' id='word_1_237' title='bbox 1145 1864 1247 1907; x_wconf 90' lang='lat'><strong>189:</strong></span> <span class='ocrx_word' id='word_1_238' title='bbox 1273 1863 1467 1907; x_wconf 85' lang='lat' dir='ltr'>Haasius</span> <span class='ocrx_word' id='word_1_239' title='bbox 1492 1864 1646 1908; x_wconf 86' lang='lat' dir='ltr'>RLac.</span> 
     </span>
     <span class='ocr_line' id='line_1_43' title="bbox 81 1926 1647 1993; baseline 0 -16"><span class='ocrx_word' id='word_1_240' title='bbox 81 1926 85 1928; x_wconf 37' lang='lat'><em>⁷</em></span> <span class='ocrx_word' id='word_1_241' title='bbox 215 1933 258 1986; x_wconf 86' lang='lat'>3,</span> <span class='ocrx_word' id='word_1_242' title='bbox 287 1931 433 1977; x_wconf 86' lang='lat' dir='ltr'><strong>Schol.</strong></span> <span class='ocrx_word' id='word_1_243' title='bbox 458 1932 623 1990; x_wconf 85' lang='lat' dir='ltr'>Reisig.</span> <span class='ocrx_word' id='word_1_244' title='bbox 653 1931 752 1984; x_wconf 88' lang='grc'>605,</span> <span class='ocrx_word' id='word_1_245' title='bbox 785 1932 929 1975; x_wconf 82' lang='lat' dir='ltr'><strong>NIbb.</strong></span> <span class='ocrx_word' id='word_1_246' title='bbox 958 1932 1085 1985; x_wconf 87' lang='lat'>1835,</span> <span class='ocrx_word' id='word_1_247' title='bbox 1115 1933 1183 1986; x_wconf 89' lang='lat'>13,</span> <span class='ocrx_word' id='word_1_248' title='bbox 1209 1934 1252 1993; x_wconf 91' lang='grc'>2,</span> <span class='ocrx_word' id='word_1_249' title='bbox 1283 1933 1478 1977; x_wconf 84' lang='lat' dir='ltr'>Lucubr.</span> <span class='ocrx_word' id='word_1_250' title='bbox 1506 1934 1647 1978; x_wconf 84' lang='lat' dir='ltr'>Thuc.</span> 
     </span>
     <span class='ocr_line' id='line_1_44' title="bbox 219 2000 1648 2060; baseline 0 -14"><span class='ocrx_word' id='word_1_251' title='bbox 219 2005 291 2059; x_wconf 66' lang='lat' dir='ltr'>qq:</span> <span class='ocrx_word' id='word_1_252' title='bbox 315 2001 431 2060; x_wconf 88' lang='lat' dir='ltr'>apud</span> <span class='ocrx_word' id='word_1_253' title='bbox 449 2000 621 2044; x_wconf 87' lang='lat' dir='ltr'>Atticos</span> <span class='ocrx_word' id='word_1_254' title='bbox 647 2002 822 2059; x_wconf 88' lang='lat' dir='ltr'>negavit</span> <span class='ocrx_word' id='word_1_255' title='bbox 846 2001 931 2044; x_wconf 89' lang='lat' dir='ltr'>dici</span> <span class='ocrx_word' id='word_1_256' title='bbox 957 2000 1075 2045; x_wconf 71' lang='grc' dir='ltr'><strong><em>ἔστιν</em></strong></span> <span class='ocrx_word' id='word_1_257' title='bbox 1102 2002 1158 2054; x_wconf 79' lang='grc' dir='ltr'>οἵ,</span> <span class='ocrx_word' id='word_1_258' title='bbox 1188 2001 1308 2046; x_wconf 72' lang='grc' dir='ltr'><strong><em>ἔστιν</em></strong></span> <span class='ocrx_word' id='word_1_259' title='bbox 1334 2002 1395 2046; x_wconf 80' lang='grc' dir='ltr'><strong>αἵ.</strong></span> <span class='ocrx_word' id='word_1_260' title='bbox 1436 2002 1508 2047; x_wconf 86' lang='lat' dir='ltr'>Cf.</span> <span class='ocrx_word' id='word_1_261' title='bbox 1536 2018 1648 2059; x_wconf 85' lang='lat' dir='ltr'>quae</span> 
     </span>
     <span class='ocr_line' id='line_1_45' title="bbox 197 2069 1649 2129; baseline -0.001 -12"><span class='ocrx_word' id='word_1_262' title='bbox 197 2086 250 2118; x_wconf 76' lang='lat' dir='ltr'>ea</span> <span class='ocrx_word' id='word_1_263' title='bbox 272 2086 319 2114; x_wconf 86' lang='lat' dir='ltr'>re</span> <span class='ocrx_word' id='word_1_264' title='bbox 350 2070 503 2129; x_wconf 87' lang='lat' dir='ltr'>scripsi</span> <span class='ocrx_word' id='word_1_265' title='bbox 536 2087 633 2114; x_wconf 82' lang='lat' dir='ltr'>ann.</span> <span class='ocrx_word' id='word_1_266' title='bbox 660 2071 717 2114; x_wconf 88' lang='lat' dir='ltr'>ad</span> <span class='ocrx_word' id='word_1_267' title='bbox 740 2069 913 2114; x_wconf 87' lang='lat' dir='ltr'>Arrian.</span> <span class='ocrx_word' id='word_1_268' title='bbox 940 2070 1050 2114; x_wconf 92' lang='lat' dir='ltr'>Ven.</span> <span class='ocrx_word' id='word_1_269' title='bbox 1079 2072 1147 2125; x_wconf 90' lang='lat'>14,</span> <span class='ocrx_word' id='word_1_270' title='bbox 1174 2071 1215 2116; x_wconf 91' lang='lat'><strong>5.</strong></span> <span class='ocrx_word' id='word_1_271' title='bbox 1255 2071 1435 2127; x_wconf 78' lang='lat' dir='ltr'>Quaest.</span> <span class='ocrx_word' id='word_1_272' title='bbox 1461 2072 1580 2115; x_wconf 88' lang='lat' dir='ltr'>Xen.</span> <span class='ocrx_word' id='word_1_273' title='bbox 1605 2073 1649 2125; x_wconf 88' lang='lat'>4,</span> 
     </span>
     <span class='ocr_line' id='line_1_46' title="bbox 220 2139 1648 2200; baseline 0.001 -16"><span class='ocrx_word' id='word_1_274' title='bbox 220 2140 397 2185; x_wconf 88' lang='lat' dir='ltr'>Kuehn.</span> <span class='ocrx_word' id='word_1_275' title='bbox 423 2148 466 2184; x_wconf 91' lang='lat' dir='ltr'>et</span> <span class='ocrx_word' id='word_1_276' title='bbox 495 2141 637 2184; x_wconf 89' lang='lat' dir='ltr'>Rehd.</span> <span class='ocrx_word' id='word_1_277' title='bbox 662 2139 750 2184; x_wconf 91' lang='lat' dir='ltr'><strong>An.</strong></span> <span class='ocrx_word' id='word_1_278' title='bbox 777 2140 818 2193; x_wconf 85' lang='lat'>6,</span> <span class='ocrx_word' id='word_1_279' title='bbox 844 2140 885 2193; x_wconf 90' lang='grc'>2,</span> <span class='ocrx_word' id='word_1_280' title='bbox 913 2141 954 2184; x_wconf 89' lang='grc'><strong>6.</strong></span> <span class='ocrx_word' id='word_1_281' title='bbox 986 2141 1153 2200; x_wconf 88' lang='lat' dir='ltr'>Krueg.</span> <span class='ocrx_word' id='word_1_282' title='bbox 1185 2142 1243 2186; x_wconf 91' lang='lat' dir='ltr'>ib.</span> <span class='ocrx_word' id='word_1_283' title='bbox 1270 2149 1313 2185; x_wconf 89' lang='lat' dir='ltr'>et</span> <span class='ocrx_word' id='word_1_284' title='bbox 1343 2142 1482 2186; x_wconf 88' lang='lat' dir='ltr'>Thuc.</span> <span class='ocrx_word' id='word_1_285' title='bbox 1511 2143 1549 2195; x_wconf 91' lang='lat'>1,</span> <span class='ocrx_word' id='word_1_286' title='bbox 1576 2143 1648 2195; x_wconf 90' lang='lat'>22,</span> 
     </span>
     <span class='ocr_line' id='line_1_47' title="bbox 216 2210 1649 2269; baseline 0 -13"><span class='ocrx_word' id='word_1_287' title='bbox 216 2244 230 2265; x_wconf 90' lang='lat'>‚</span> <span class='ocrx_word' id='word_1_288' title='bbox 249 2210 326 2265; x_wconf 84' lang='lat'>49,</span> <span class='ocrx_word' id='word_1_289' title='bbox 353 2210 394 2256; x_wconf 88' lang='grc'>5.</span> <span class='ocrx_word' id='word_1_290' title='bbox 425 2210 566 2255; x_wconf 89' lang='lat' dir='ltr'>Hertl.</span> <span class='ocrx_word' id='word_1_291' title='bbox 597 2211 669 2255; x_wconf 92' lang='lat' dir='ltr'>De</span> <span class='ocrx_word' id='word_1_292' title='bbox 700 2210 844 2255; x_wconf 86' lang='lat' dir='ltr'>Anab.</span> <span class='ocrx_word' id='word_1_293' title='bbox 878 2210 1030 2267; x_wconf 85' lang='lat'>(1858)</span> <span class='ocrx_word' id='word_1_294' title='bbox 1055 2212 1082 2256; x_wconf 91' lang='lat'>9</span> <span class='ocrx_word' id='word_1_295' title='bbox 1108 2227 1222 2269; x_wconf 89' lang='lat' dir='ltr'>sqq.,</span> <span class='ocrx_word' id='word_1_296' title='bbox 1254 2212 1328 2256; x_wconf 90' lang='lat' dir='ltr'>ubi</span> <span class='ocrx_word' id='word_1_297' title='bbox 1359 2228 1470 2269; x_wconf 91' lang='lat' dir='ltr'>quae</span> <span class='ocrx_word' id='word_1_298' title='bbox 1501 2221 1649 2256; x_wconf 87' lang='lat' dir='ltr'>contra</span> 
     </span>
     <span class='ocr_line' id='line_1_48' title="bbox 212 2281 1647 2341; baseline -0.001 -15"><span class='ocrx_word' id='word_1_299' title='bbox 212 2282 399 2341; x_wconf 73' lang='lat' dir='ltr'>poci-atis</span> <span class='ocrx_word' id='word_1_300' title='bbox 424 2281 568 2326; x_wconf 91' lang='lat' dir='ltr'>locum</span> <span class='ocrx_word' id='word_1_301' title='bbox 592 2281 702 2325; x_wconf 85' lang='lat' dir='ltr'>dixit</span> <span class='ocrx_word' id='word_1_302' title='bbox 723 2297 838 2325; x_wconf 93' lang='lat' dir='ltr'>nunc</span> <span class='ocrx_word' id='word_1_303' title='bbox 861 2288 1075 2326; x_wconf 88' lang='lat' dir='ltr'>retractat.</span> <span class='ocrx_word' id='word_1_304' title='bbox 1102 2281 1222 2328; x_wconf 68' lang='grc' dir='ltr'><strong><em>ἔστιν</em></strong></span> <span class='ocrx_word' id='word_1_305' title='bbox 1247 2281 1296 2326; x_wconf 78' lang='grc' dir='ltr'>οἵ</span> <span class='ocrx_word' id='word_1_306' title='bbox 1317 2289 1382 2326; x_wconf 90' lang='lat' dir='ltr'>est</span> <span class='ocrx_word' id='word_1_307' title='bbox 1409 2282 1510 2339; x_wconf 88' lang='lat' dir='ltr'>Cyr.</span> <span class='ocrx_word' id='word_1_308' title='bbox 1537 2283 1578 2334; x_wconf 91' lang='lat'>2,</span> <span class='ocrx_word' id='word_1_309' title='bbox 1605 2283 1647 2335; x_wconf 89' lang='lat'>3,</span> 
     </span>
     <span class='ocr_line' id='line_1_49' title="bbox 216 2346 1650 2410; baseline 0 -14"><span class='ocrx_word' id='word_1_310' title='bbox 216 2346 261 2396; x_wconf 86' lang='lat' dir='ltr'>in</span> <span class='ocrx_word' id='word_1_311' title='bbox 283 2351 405 2397; x_wconf 84' lang='lat' dir='ltr'>libris</span> <span class='ocrx_word' id='word_1_312' title='bbox 429 2351 643 2406; x_wconf 88' lang='lat' dir='ltr'>omnibus,</span> <span class='ocrx_word' id='word_1_313' title='bbox 669 2351 756 2396; x_wconf 91' lang='lat' dir='ltr'><strong>An.</strong></span> <span class='ocrx_word' id='word_1_314' title='bbox 782 2352 810 2395; x_wconf 91' lang='lat' dir='ltr'>l.</span> <span class='ocrx_word' id='word_1_315' title='bbox 837 2368 874 2396; x_wconf 92' lang='lat' dir='ltr'><strong>c.</strong></span> <span class='ocrx_word' id='word_1_316' title='bbox 900 2352 945 2396; x_wconf 92' lang='lat' dir='ltr'>in</span> <span class='ocrx_word' id='word_1_317' title='bbox 970 2353 1156 2410; x_wconf 89' lang='lat' dir='ltr'>optimis.</span> <span class='ocrx_word' id='word_1_318' title='bbox 1194 2351 1297 2396; x_wconf 89' lang='lat' dir='ltr'>Alia</span> <span class='ocrx_word' id='word_1_319' title='bbox 1322 2352 1518 2409; x_wconf 86' lang='lat' dir='ltr'>exempla</span> <span class='ocrx_word' id='word_1_320' title='bbox 1542 2352 1650 2396; x_wconf 87' lang='lat' dir='ltr'>affe-</span> 
     </span>
     <span class='ocr_line' id='line_1_50' title="bbox 221 2420 1649 2480; baseline 0.001 -16"><span class='ocrx_word' id='word_1_321' title='bbox 221 2436 274 2465; x_wconf 89' lang='lat' dir='ltr'>ur</span> <span class='ocrx_word' id='word_1_322' title='bbox 302 2421 415 2465; x_wconf 80' lang='lat' dir='ltr'>Plat.</span> <span class='ocrx_word' id='word_1_323' title='bbox 446 2421 556 2466; x_wconf 88' lang='lat' dir='ltr'>Min.</span> <span class='ocrx_word' id='word_1_324' title='bbox 589 2423 694 2475; x_wconf 88' lang='lat'>320,</span> <span class='ocrx_word' id='word_1_325' title='bbox 727 2438 765 2465; x_wconf 86' lang='lat' dir='ltr'><strong>a.</strong></span> <span class='ocrx_word' id='word_1_326' title='bbox 798 2422 1007 2480; x_wconf 89' lang='lat' dir='ltr'>Hippocr.</span> <span class='ocrx_word' id='word_1_327' title='bbox 1037 2421 1139 2474; x_wconf 89' lang='lat'>750,</span> <span class='ocrx_word' id='word_1_328' title='bbox 1172 2421 1213 2464; x_wconf 91' lang='lat' dir='ltr'><strong>d.</strong></span> <span class='ocrx_word' id='word_1_329' title='bbox 1245 2421 1382 2479; x_wconf 92' lang='lat' dir='ltr'>Apud</span> <span class='ocrx_word' id='word_1_330' title='bbox 1411 2420 1649 2466; x_wconf 88' lang='lat' dir='ltr'>Arrianum</span> 
     </span>
     <span class='ocr_line' id='line_1_51' title="bbox 211 2490 1651 2548; baseline 0.001 -13"><span class='ocrx_word' id='word_1_331' title='bbox 211 2498 257 2535; x_wconf 74' lang='lat' dir='ltr'>ta</span> <span class='ocrx_word' id='word_1_332' title='bbox 279 2497 400 2535; x_wconf 79' lang='lat' dir='ltr'>sunt:</span> <span class='ocrx_word' id='word_1_333' title='bbox 433 2492 588 2537; x_wconf 91' lang='lat' dir='ltr'>millies</span> <span class='ocrx_word' id='word_1_334' title='bbox 613 2493 691 2545; x_wconf 89' lang='lat' dir='ltr'>ita,</span> <span class='ocrx_word' id='word_1_335' title='bbox 723 2492 861 2548; x_wconf 91' lang='lat' dir='ltr'>inquit</span> <span class='ocrx_word' id='word_1_336' title='bbox 887 2490 1077 2535; x_wconf 86' lang='lat' dir='ltr'>Gronov.</span> <span class='ocrx_word' id='word_1_337' title='bbox 1105 2493 1191 2535; x_wconf 84' lang='lat' dir='ltr'><strong>An.</strong></span> <span class='ocrx_word' id='word_1_338' title='bbox 1220 2492 1259 2544; x_wconf 89' lang='lat'>1,</span> <span class='ocrx_word' id='word_1_339' title='bbox 1289 2491 1328 2544; x_wconf 88' lang='lat'>7,</span> <span class='ocrx_word' id='word_1_340' title='bbox 1356 2492 1426 2535; x_wconf 90' lang='lat'>17.</span> <span class='ocrx_word' id='word_1_341' title='bbox 1466 2493 1651 2536; x_wconf 83' lang='lat' dir='ltr'>Addidit</span> 
     </span>
     <span class='ocr_line' id='line_1_52' title="bbox 232 2559 1650 2620; baseline 0.001 -16"><span class='ocrx_word' id='word_1_342' title='bbox 232 2571 254 2605; x_wconf 77' lang='grc'>’.</span> <span class='ocrx_word' id='word_1_343' title='bbox 268 2559 372 2619; x_wconf 86' lang='lat' dir='ltr'>Cyr.</span> <span class='ocrx_word' id='word_1_344' title='bbox 394 2561 421 2604; x_wconf 94' lang='lat' dir='ltr'>l.</span> <span class='ocrx_word' id='word_1_345' title='bbox 436 2576 472 2605; x_wconf 89' lang='lat' dir='ltr'><strong>c.</strong></span> <span class='ocrx_word' id='word_1_346' title='bbox 492 2562 635 2605; x_wconf 87' lang='lat' dir='ltr'>locum</span> <span class='ocrx_word' id='word_1_347' title='bbox 653 2561 766 2606; x_wconf 87' lang='lat' dir='ltr'>Plat.</span> <span class='ocrx_word' id='word_1_348' title='bbox 784 2562 927 2619; x_wconf 85' lang='lat' dir='ltr'>Legg.</span> <span class='ocrx_word' id='word_1_349' title='bbox 946 2560 1043 2611; x_wconf 85' lang='lat'>753,</span> <span class='ocrx_word' id='word_1_350' title='bbox 1066 2576 1102 2604; x_wconf 92' lang='lat' dir='ltr'><strong>e.</strong></span> <span class='ocrx_word' id='word_1_351' title='bbox 1122 2560 1308 2618; x_wconf 87' lang='lat' dir='ltr'>Reliqua</span> <span class='ocrx_word' id='word_1_352' title='bbox 1325 2561 1650 2620; x_wconf 77' lang='lat' dir='ltr'>Xenophonteo.</span> 
     </span>
     <span class='ocr_line' id='line_1_53' title="bbox 246 2626 1649 2692; baseline 0.003 -20"><span class='ocrx_word' id='word_1_353' title='bbox 246 2631 351 2692; x_wconf 56' lang='lat' dir='ltr'>sfere</span> <span class='ocrx_word' id='word_1_354' title='bbox 382 2637 500 2674; x_wconf 81' lang='lat' dir='ltr'>sunt:</span> <span class='ocrx_word' id='word_1_355' title='bbox 533 2630 653 2676; x_wconf 72' lang='grc' dir='ltr'><strong><em>ἔστιν</em></strong></span> <span class='ocrx_word' id='word_1_356' title='bbox 679 2628 729 2684; x_wconf 79' lang='grc' dir='ltr'>ὅς</span> <span class='ocrx_word' id='word_1_357' title='bbox 752 2631 822 2675; x_wconf 88' lang='lat' dir='ltr'>vel</span> <span class='ocrx_word' id='word_1_358' title='bbox 854 2626 978 2682; x_wconf 83' lang='grc' dir='ltr'><strong><em>ὅστις</em></strong></span> <span class='ocrx_word' id='word_1_359' title='bbox 1001 2630 1032 2674; x_wconf 92' lang='grc'><strong>4</strong></span> <span class='ocrx_word' id='word_1_360' title='bbox 1054 2630 1175 2675; x_wconf 86' lang='lat' dir='ltr'>locis.</span> <span class='ocrx_word' id='word_1_361' title='bbox 1196 2630 1322 2678; x_wconf 78' lang='grc' dir='ltr'><em>,εἰσὶν</em></span> <span class='ocrx_word' id='word_1_362' title='bbox 1353 2631 1402 2676; x_wconf 77' lang='grc' dir='ltr'>οἵ</span> <span class='ocrx_word' id='word_1_363' title='bbox 1423 2632 1463 2677; x_wconf 89' lang='grc'><strong>8.</strong></span> <span class='ocrx_word' id='word_1_364' title='bbox 1489 2632 1649 2676; x_wconf 87' lang='lat' dir='ltr'>inserto</span> 
     </span>
     <span class='ocr_line' id='line_1_54' title="bbox 239 2694 1650 2760; baseline -0.001 -13.058"><span class='ocrx_word' id='word_1_365' title='bbox 239 2702 297 2748; x_wconf 58' lang='lat'><strong>²2.</strong></span> <span class='ocrx_word' id='word_1_366' title='bbox 324 2700 435 2746; x_wconf 77' lang='grc' dir='ltr'><strong><em>εἰσὶν</em></strong></span> <span class='ocrx_word' id='word_1_367' title='bbox 457 2700 509 2745; x_wconf 76' lang='grc' dir='ltr'>αἵ</span> <span class='ocrx_word' id='word_1_368' title='bbox 524 2701 565 2745; x_wconf 94' lang='grc'><strong>2.</strong></span> <span class='ocrx_word' id='word_1_369' title='bbox 591 2694 704 2760; x_wconf 81' lang='grc' dir='ltr'><strong><em>ἦσαν</em></strong></span> <span class='ocrx_word' id='word_1_370' title='bbox 724 2701 772 2746; x_wconf 79' lang='grc' dir='ltr'>οἵ</span> <span class='ocrx_word' id='word_1_371' title='bbox 788 2702 828 2745; x_wconf 92' lang='grc'><strong>8.</strong></span> <span class='ocrx_word' id='word_1_372' title='bbox 854 2701 1015 2760; x_wconf 77' lang='lat' dir='ltr'>inserto</span> <span class='ocrx_word' id='word_1_373' title='bbox 1038 2705 1156 2755; x_wconf 82' lang='grc' dir='ltr'><strong><em>τινές</em></strong></span> <span class='ocrx_word' id='word_1_374' title='bbox 1174 2702 1216 2747; x_wconf 93' lang='grc'><strong>2.</strong></span> <span class='ocrx_word' id='word_1_375' title='bbox 1245 2701 1364 2747; x_wconf 70' lang='grc' dir='ltr'><em>ἔστιν</em></span> <span class='ocrx_word' id='word_1_376' title='bbox 1384 2698 1414 2746; x_wconf 81' lang='grc' dir='ltr'>ἅ</span> <span class='ocrx_word' id='word_1_377' title='bbox 1433 2702 1474 2746; x_wconf 85' lang='grc'>3.</span> <span class='ocrx_word' id='word_1_378' title='bbox 1501 2701 1650 2747; x_wconf 87' lang='lat' dir='ltr'>addito</span> 
     </span>
     <span class='ocr_line' id='line_1_55' title="bbox 180 2762 1651 2828; baseline 0.001 -11"><span class='ocrx_word' id='word_1_379' title='bbox 180 2762 189 2767; x_wconf 47' lang='grc'><strong><em>’</em></strong></span> <span class='ocrx_word' id='word_1_380' title='bbox 219 2764 436 2826; x_wconf 51' lang='lat' dir='ltr'>{vellinae</span> <span class='ocrx_word' id='word_1_381' title='bbox 455 2772 496 2816; x_wconf 89' lang='lat'>2.</span> <span class='ocrx_word' id='word_1_382' title='bbox 523 2769 642 2815; x_wconf 69' lang='grc' dir='ltr'><strong><em>ἔστιν</em></strong></span> <span class='ocrx_word' id='word_1_383' title='bbox 663 2764 724 2816; x_wconf 79' lang='grc' dir='ltr'>ὧν</span> <span class='ocrx_word' id='word_1_384' title='bbox 745 2772 786 2815; x_wconf 91' lang='grc'>2.</span> <span class='ocrx_word' id='word_1_385' title='bbox 815 2769 935 2816; x_wconf 67' lang='grc' dir='ltr'><strong><em>ἔστιν</em></strong></span> <span class='ocrx_word' id='word_1_386' title='bbox 962 2769 1030 2825; x_wconf 86' lang='grc' dir='ltr'>οἶς</span> <span class='ocrx_word' id='word_1_387' title='bbox 1050 2772 1091 2817; x_wconf 89' lang='grc'>6.</span> <span class='ocrx_word' id='word_1_388' title='bbox 1120 2771 1238 2818; x_wconf 66' lang='grc' dir='ltr'>ἔστιν</span> <span class='ocrx_word' id='word_1_389' title='bbox 1260 2768 1336 2825; x_wconf 79' lang='grc' dir='ltr'>οῧς</span> <span class='ocrx_word' id='word_1_390' title='bbox 1355 2772 1395 2817; x_wconf 92' lang='grc'>5.</span> <span class='ocrx_word' id='word_1_391' title='bbox 1423 2769 1651 2828; x_wconf 69' lang='grc' dir='ltr'><strong><em>(οὕστινας</em></strong></span> 
     </span>
    </p>
   </div>
   <div class='ocr_carea' id='block_1_3' title="bbox 366 377 388 379">
    <p class='ocr_par' dir='ltr' id='par_1_3' title="bbox 366 377 388 379">
     <span class='ocr_line' id='line_1_56' title="bbox 366 377 388 379; baseline 0 0"><span class='ocrx_word' id='word_1_392' title='bbox 366 377 388 379; x_wconf 95' lang='lat' dir='ltr'> </span> 
     </span>
    </p>
   </div>
  </div>
 </body>
</html>
