1784 3136
104 285 271 331 λεῦειν
282 239 360 331 Fr.
384 275 576 339 Portus,
597 281 676 334 vine
707 282 879 342 ειρενα
873 282 1022 332 Salui.

106 353 286 417 ἄρρενα.
306 354 444 400 -.St0b
459 352 599 403 σῖτόν,
626 369 677 412 γε
705 371 792 414 μην
815 353 1041 400 τοσοῦτον.
1063 354 1133 412 ἒχ
1190 365 1283 406 Αστῆν

107 425 457 484 συμβολατεύειν
489 425 618 469 etiam
645 422 708 470 G.
727 424 900 480 Herm,
932 441 976 470 v.
998 413 1130 474 11θί1.-
1138 416 1269 487 D‘ml.
1411 459 1427 483 A.

109 514 164 541 αν
196 496 309 551 ἔχειν
334 494 444 539 Cob.
469 493 487 549 ΙΙ
519 495 559 538 7.
591 491 749 548 αὐτοῖς
778 493 831 540 τὸ
862 495 1158 553 μηχανᾶσθαι
1182 488 1369 552 Weisk„
1389 492 1523 553 lum

106 565 241 610 λοντά
264 582 312 610 τι
334 564 576 623 λήψεσθαι
602 571 702 608 sunt
726 565 801 622 qui
830 564 963 610 deleri
987 564 1156 618 malint,
1189 565 1323 612 etiam
1343 564 1417 619 ΗΘ
1510 555 1549 626 ¹,

107 634 199 681 Sed
222 651 311 679 non
334 650 448 680 unus
473 635 632 679 locus
620 651 666 678 1n
690 634 773 680 hoc
791 634 901 679 libro
920 641 999 688 est,
1025 649 1114 692 quo
1131 650 1231 684 cum
1245 619 1445 683 molesta·
1459 655 1469 673 ι
1545 638 1554 650 “
1579 623 1590 631 ’

104 706 359 765 repetitione
384 705 559 763 aliquod
583 705 923 749 additamentum
947 706 1202 759 inveniatur,
1227 705 1393 751 alienae
1416 684 1607 767 massait

105 778 243 822 videri
277 776 428 834 possit.
460 778 478 832 Η
514 776 556 820 9.
583 775 731 820 Verba
766 772 873 834 παρ’
903 772 1083 834 Ὀρθίας
1116 782 1292 834 propter
1320 763 1468 820 incon
1545 777 1547 779 ’
1580 767 1609 782 ’

106 848 253 892 sedem
272 845 439 889 inclusi.
459 846 477 901 Η
501 844 636 889 τοῦτό
661 861 710 902 γε
734 844 889 888 Heinr.
909 843 927 899 ΙΙ
951 844 1099 889 Verba.
1123 845 1477 903 δηλοῦται-λα

102 915 222 974 quod
245 914 440 959 Haasius
465 920 565 972 post
587 917 892 972 τιμωροῦνται
917 921 1110 959 ext-rema
1134 915 1236 960 s.‘8.
1263 915 1503 970 collocavit,

105 987 253 1031 sedem
278 1000 428 1029 eorum
458 991 638 1042 apparet
669 985 806 1028 multo
837 985 1171 1029 commodiorem
1203 1000 1312 1030 esse.
1358 980 1465 1046 Qua

102 1055 437 1115 transpositione
468 1070 622 1112 parum
653 1061 878 1099 contentus
903 1054 1056 1099 Elzius
1081 1055 1224 1099 NIbb.
1259 1054 1412 1114 Suppl.
1435 1056 1475 1113 „11

103 1126 356 1171 WVeiskium
389 1131 563 1168 secutus
594 1130 729 1167 totam
761 1124 950 1181 aliquam
987 1118 1343 1178 enuntiationem,
1379 1126 1424 1172 in
1449 1140 1488 1184 ¹q

72 1243 74 1245 ,
103 1197 189 1242 alio
216 1196 528 1254 Spartanorum
553 1210 672 1238 more
695 1194 949 1252 Xenophon
972 1194 1143 1238 locutus
1170 1201 1298 1247 esset,
1324 1202 1426 1252 post
1449 1211 1498 1255 ει)

101 1269 268 1311 νεσθαι
298 1264 511 1308 excidisse
544 1263 855 1321 suspicabatur.
882 1264 939 1307 V.
965 1263 1083 1307 Heil.
1116 1264 1234 1308 Dial.
1262 1264 1331 1309 18.
1356 1262 1374 1319 ΙΙ
1406 1264 1476 1315 10.

103 1336 148 1381 εἴ
163 1353 209 1381 τι
235 1332 427 1393 ἀγαθόν.
465 1333 597 1378 Unde
616 1330 669 1378 ἄν
695 1340 793 1378 ante
815 1331 993 1391 ἀγαθόν
1013 1334 1180 1378 sustuli.
1201 1333 1219 1389 ΙΙ
1245 1335 1313 1379 11.
1339 1327 1606 1398 ‘corneam‘

102 1422 238 1451 τατον
265 1404 375 1450 Cob.
407 1421 446 1449 τ.
475 1401 794 1463 εὐπορώτατον
818 1403 878 1447 D.
905 1418 973 1462 ap.
999 1403 1134 1448 Dind.
1166 1421 1205 1449 τ.
1233 1398 1543 1461 εὐνομώτατον

104 1495 143 1520 τ.
173 1473 519 1532 εὗτροπώτατον
549 1474 647 1518 Elz.
675 1475 774 1518 600.
808 1473 940 1531 Vulg.
972 1477 1062 1518 τῶν
1094 1471 1303 1532 ἀρρένων.
1335 1479 1425 1520 τῶν
1457 1474 1525 1534 εἰρ

103 1546 236 1603 Crag.
268 1544 341 1587 De
371 1558 461 1601 rep.
493 1544 602 1587 Lac.
635 1545 676 1596 2,
705 1544 774 1587 12.
814 1542 951 1587 Cuius
976 1543 1177 1587 vocabuli
1207 1544 1261 1588 de
1285 1544 1527 1599 notatione,

98 1616 250 1673 Etym.
270 1613 335 1658 M.
357 1614 457 1666 303,
479 1611 549 1658 37.
577 1620 619 1657 et
638 1615 712 1671 qui
731 1614 818 1657 illic
837 1613 1105 1671 propositum
1124 1614 1262 1658 secuti
1287 1621 1387 1659 sunt
1404 1614 1547 1673 Bopp‘.

100 1703 135 1730 s.
169 1684 269 1738 924,
310 1682 512 1729 Schoem.
551 1683 701 1741 Antiq.
736 1683 775 1736 1,
814 1683 915 1728 264.
952 1683 1007 1727 al.
1046 1684 1101 1728 cf.
1139 1684 1176 1729 I.
1208 1684 1451 1729 Baumann.
1485 1685 1544 1730 'N

102 1756 230 1808 1863,
261 1755 322 1798 44
348 1770 441 1811 sqq.
495 1752 658 1798 Contra
694 1769 824 1811 quem
861 1754 935 1811 qui
971 1753 1117 1798 libello
1147 1754 1319 1813 Egerae
1344 1750 1481 1800 1863.

99 1825 339 1883 disputavit
363 1824 428 1867 Io.
449 1824 686 1867 Lissnerus
705 1824 812 1866 nihil
830 1824 884 1866 de
904 1839 955 1867 ea
973 1839 1021 1866 re
1041 1824 1197 1867 certius
1219 1825 1484 1869 demonstrat
1500 1840 1531 1883 q

102 1894 157 1941 G.
181 1894 302 1940 Cure.
335 1892 523 1938 Grundz.
546 1896 586 1937 d.
603 1910 669 1952 qr.
688 1895 835 1952 Etym.
858 1893 898 1946 1,
921 1893 1020 1941 314.
1042 1893 1085 1946 2,
1108 1894 1205 1938 169.
1225 1895 1244 1951 Η
1269 1894 1338 1939 13.
1363 1895 1440 1939 καὶ
1461 1893 1541 1958 τού

98 1970 217 2009 πᾶσι
241 1964 357 2008 Vict.
383 1965 459 2007 καὶ
485 1962 528 2006 ἓν
554 1964 622 2006 vel
646 1960 726 2007 κᾶν
750 1964 931 2016 τούτοις
955 1980 1005 2007 π.
1032 1964 1174 2007 Hertl.
1197 1964 1391 2008 Coniect.
1413 1965 1454 2017 1,
1475 1965 1545 2009 11.

97 2041 198 2093 post
222 2033 401 2078 παίδων
426 2033 509 2076 del.
538 2031 713 2078 Schaef.
741 2033 888 2091 Apoll.
916 2031 1062 2077 Schol.
1089 2033 1158 2078 93.
1184 2034 1202 2090 Η
1234 2032 1303 2078 14.
1329 2029 1528 2094 Verba&

100 2102 155 2163 δὴ
193 2103 324 2149 nond.
356 2129 415 2135 —
447 2101 794 2148 ἐπισκοπείσθω
833 2103 1060 2148 VVeiskius
1104 2099 1344 2148 clausulam
1379 2104 1484 2150 fecit
1502 2109 1537 2158 „t

97 2174 265 2233 capitis,
295 2172 510 2218 Stobaeus
538 2173 700 2226 omisit3
727 2189 838 2230 quae
862 2173 950 2217 illic
974 2180 1074 2217 sunt
1096 2175 1173 2218 καὶ
1195 2173 1522 2221 τῶν-ἐπε.
1542 2201 1554 2231 5
1579 2198 1608 2211 ·2

96 2246 183 2290 huc
209 2244 487 2301 transposuit.
513 2269 571 2275 —
598 2259 688 2286 CAP.
715 2244 757 2296 3,
786 2245 824 2287 1.
858 2243 923 2295 εἷς
951 2242 1003 2289 τὸ
1029 2248 1384 2304 μειρακιοῦσῧαι
1407 2241 1491 2296 del}

98 2315 196 2360 728.
224 2313 422 2359 Verbum
447 2313 659 2357 novitium
684 2313 787 2357 dicit
811 2313 1014 2358 Dindorf.
1034 2314 1052 2368 ΙΙ
1081 2314 1123 2358 4.
1151 2313 1352 2373 ἐμφῦσαι
1370 2313 1524 2363 Stob.

94 2385 278 2430 verbum
326 2384 421 2429 loco
464 2383 746 2441 Hippocratis
789 2384 905 2442 apud
945 2384 1080 2429 Dind.
1121 2384 1254 2430 Thes.
1300 2382 1386 2438 St
1436 2371 1531 2434 'dori

95 2455 345 2512 Epicharm.
378 2454 431 2498 fr.
467 2453 565 2498 145.
597 2452 615 2508 Η
651 2453 761 2497 Pars
793 2453 998 2498 librorum
1029 2454 1227 2514 μηδαμῆ.
1253 2454 1310 2500 V.
1342 2471 1458 2500 ann.
1472 2451 1566 2516 ΑΒ.
1609 2480 1639 2513 ,;

96 2523 281 2579 3,16.ΙΙ
310 2527 398 2569 τῶν
422 2528 502 2584 τῆς
526 2525 719 2583 θηλείας
742 2523 853 2569 libri.
879 2527 958 2583 τῆς
982 2528 1071 2570 τῶν
1095 2526 1295 2585 θηλειῶν
1322 2524 1447 2573 Stob.·
1610 2524 1613 2531 ”
1642 2524 1645 2528 ’
1667 2521 1673 2528 ’

92 2596 178 2640 illis
214 2594 371 2639 sustuli
401 2610 499 2638 cum
524 2595 685 2639 Heind.
713 2595 767 2639 al.
796 2594 976 2639 Stobaei
1006 2602 1149 2639 autem
1174 2597 1218 2639 in
1242 2596 1325 2641 hoc
1348 2593 1459 2642 libro

93 2666 328 2714 auctoritas
361 2671 440 2710 est.
467 2663 484 2719 Η
516 2664 556 2709 5.
591 2665 835 2723 θαλάμοις]
869 2663 1136 2724 ὀφθαλμοῖς
1169 2665 1291 2712 Stob.
1321 2666 1489 2718 Osann·

94 2736 222 2786 1839.
255 2735 355 2788 219,
388 2734 489 2788 535,
529 2743 769 2780 commotus
806 2737 993 2780 maxime
1028 2736 1207 2780 Aretaei
1245 2736 1455 2795 Cappad‘
1539 2774 1555 2798 z
1585 2794 1589 2798 ,

91 2820 232 2851 causs.
254 2805 389 2851 morb.
410 2805 556 2852 chron.
580 2805 619 2859 1,
636 2805 674 2859 7,
697 2806 765 2851 88.
791 2806 968 2851 Kuehn.
988 2806 1083 2851 1000
1103 2806 1158 2852 ab
1179 2805 1416 2851 editoribus
1434 2797 1477 2860 L
