1784 3136
421 665 425 666 ⁷
448 650 709 697 comoedum
745 650 995 695 Boeckhius
1031 650 1118 709 Ep.
1151 651 1283 708 antiq.
1314 651 1387 704 48,
1424 665 1555 708 quem
1589 651 1677 696 hoc

393 716 540 783 “dicit,
578 726 626 764 ut
655 727 923 766 tetrametros
961 727 1087 765 antea
1123 735 1222 765 cum
1260 726 1390 766 cantu
1419 720 1553 765 tibiae
1584 736 1674 765 non

290 810 299 828 ι
315 810 344 830 z
366 790 433 835 ita
461 806 550 835 non
586 797 757 835 caneret
793 791 870 835 sed
906 791 1211 848 pronuntiaret.
1260 791 1484 835 Floruisse
1519 790 1681 834 dicitur

310 893 333 905 ..
358 858 510 918 Neque
542 860 656 904 enim
687 875 742 904 ex
771 860 1023 919 imperfecto
1059 861 1287 919 κατέλεγεν
1320 862 1461 918 sequi,
1499 867 1548 904 ut
1578 867 1672 905 tum

284 923 352 974 us
361 930 504 983 fuerit,
528 918 808 978 Hermannus
831 929 1382 984 scr.ae.G0tt.1845,11.
1408 931 1675 975 demonstrat

151 1012 218 1062 ἦ·
226 1017 248 1053 ἡ
270 995 386 1045 Plat.
417 999 613 1059 Euthyd.
634 1000 746 1053 286,
779 1015 815 1045 c.
858 1000 1047 1044 Vaterus
1086 1008 1231 1044 autem
1266 1001 1410 1045 NIbb.
1451 999 1605 1059 Suppl.
1631 1001 1676 1053 9,

149 1076 216 1119 t.
223 1068 485 1128 secundum
514 1070 785 1129 Polyaenum
819 1070 964 1123 6,10.
1001 1069 1293 1119 Nicostratum
1330 1071 1459 1114 etiam
1496 1069 1570 1114 Ol.
1602 1070 1674 1113 97.

140 1125 245 1200 ’Ϊὲ
235 1144 306 1186 'sse
330 1139 451 1185 dixit.
477 1136 569 1185 ὑπὸ
600 1143 681 1184 τοῦ
713 1136 852 1183 αὐλοῦ
886 1139 996 1190 Cob.
1022 1140 1206 1198 Prosop.
1232 1140 1304 1185 54.
1331 1140 1526 1185 Vocibus
1557 1138 1675 1199 πρὸς

137 1203 237 1261 »πᾶν
237 1206 383 1260 ’ᾳῧλόν
405 1209 539 1253 verba
555 1210 773 1254 histrionis
798 1209 927 1253 tibiae
952 1210 1287 1261 accommodata,
1314 1207 1406 1254 ὑπὸ
1432 1209 1510 1255 τὸν
1535 1207 1675 1254 αὐλόν

137 1264 335 1347 tmpus,
367 1294 453 1336 quo
478 1278 583 1323 tibia
606 1285 802 1331 canatur,
837 1278 1071 1337 significari
1095 1279 1198 1322 dicit
1221 1280 1278 1325 V.
1304 1278 1364 1323 D.
1390 1280 1501 1323 Ρᾶᾱ.
1530 1280 1676 1323 Revue

169 1338 275 1409 343,
301 1343 402 1395 278.
428 1350 446 1406 ΙΙ
476 1348 518 1391 4.
549 1347 676 1391 Libri
705 1348 759 1391 B.
790 1363 941 1406 margo
971 1347 1080 1391 haec
1110 1348 1260 1392 habet.
1293 1349 1369 1391 καὶ
1398 1347 1483 1405 γὰρ
1513 1347 1566 1393 τὸ
1592 1348 1673 1407 τὴν

215 1415 257 1465 ἰν
280 1434 382 1471 πως
412 1417 694 1477 σχηματίζειν
718 1416 973 1477 μορφάζειν
998 1418 1195 1476 λέγομεν.
1222 1417 1240 1472 ΙΙ
1270 1417 1312 1462 5.
1347 1417 1432 1477 ἔφη
1460 1437 1514 1463 αν
1546 1416 1674 1476 οἶμαι

217 1487 303 1543 1Γῑ6.
327 1488 606 1548 Συρακόσιος
623 1487 679 1532 V.
699 1487 757 1532 A.
780 1506 803 1531 v
825 1503 1037 1545 superscr.
1063 1488 1194 1532 Hanc
1214 1489 1270 1532 ad
1288 1488 1472 1533 formam
1491 1490 1676 1533 seriores

140 1551 565 1621 §briapropensiores
591 1564 704 1602 sunt.
723 1556 742 1610 Η
765 1556 892 1601 Libri
910 1554 1070 1602 αὐτοῦ.
1091 1557 1109 1611 Η
1135 1554 1295 1603 οὔκουν
1318 1584 1378 1591 -
1402 1556 1677 1617 ἐκαλούμηνς

122 1621 366 1687 Ἵῆᾙῌςᾶ.
388 1638 456 1685 ap.
475 1627 611 1670 Mehl.
639 1624 796 1671 οὔκουν
816 1626 860 1669 Α
879 1642 1001 1680 corr„
1028 1628 1102 1685 qui
1128 1628 1301 1686 signum
1324 1628 1673 1687 interrogationis

212 1698 407 1758 margine
437 1697 579 1742 habet.
608 1694 635 1756 ἤ
659 1713 745 1742 om.
770 1697 825 1740 Β.
850 1696 984 1755 Vulg.
1012 1694 1171 1741 οὐκοῦν
1203 1699 1296 1741 sine
1325 1698 1678 1757 interrogatione.

216 1763 377 1820 ’.ζὸντες
407 1767 519 1811 libri.
551 1763 703 1819 ῧοντες
726 1766 882 1813 Valck.
914 1782 983 1825 ap.
1017 1766 1127 1810 Cob.
1154 1767 1241 1811 633
1267 1782 1330 1824 sq.
1362 1767 1533 1811 Iacobs.
1558 1767 1673 1812 Ach.

210 1842 243 1898 t.-
268 1836 311 1891 2,
337 1837 437 1882 660.
463 1836 597 1881 Dind.
617 1836 659 1881 h.
679 1836 707 1880 l.
728 1842 770 1881 et
789 1836 921 1881 Dion.
944 1835 1100 1894 Chrys.
1123 1835 1264 1881 Oratt.
1283 1836 1420 1881 XIII.
1448 1835 1674 1896 Scriptura

218 1898 370 1967 gutna
396 1905 631 1951 Schaefero
656 1906 773 1962 App.
799 1905 929 1949 Dem.
958 1907 997 1957 1,
1025 1906 1123 1949 886.
1149 1906 1192 1956 2,
1220 1905 1319 1949 145.
1351 1906 1531 1950 defensa
1560 1922 1678 1964 pene

287 1975 510 2028 sententia,
527 1980 660 2027 caret,
693 1974 920 2019 emendata
948 1975 1129 2019 orationi
1158 1974 1506 2033 Xenophonteae
1536 1976 1674 2036 negli-

227 2043 333 2093 ἔξω
347 2045 568 2103 quandam
586 2046 783 2103 imputat,
809 2046 932 2090 cuius
951 2046 1114 2090 crimen
1131 2051 1180 2088 ut
1197 2045 1376 2098 diluant,
1401 2049 1680 2103 παρέχοντες

263 2114 405 2165 eferus
429 2114 638 2174 postulat,
667 2114 796 2159 scribi
819 2115 969 2159 volunt
996 2115 1106 2160 Cob.
1133 2115 1310 2160 Hirsch.
1337 2115 1457 2160 Ann.
1484 2131 1543 2161 cr.
1571 2117 1673 2161 104.

237 2196 283 2246 [9
306 2186 506 2244 repudiat
528 2185 664 2229 Dind.
692 2185 861 2230 Comm.
887 2186 929 2239 4,
956 2187 998 2239 3,
1025 2187 1065 2230 3.
1085 2185 1103 2240 ΙΙ
1128 2186 1168 2230 8.
1194 2185 1372 2239 πόσους
1403 2186 1573 2241 (πόσας
1596 2187 1680 2240 V.)

212 2247 297 2305 λλα
326 2255 476 2309 πόδας
507 2254 616 2313 ἐμοῦ
648 2253 808 2311 ἀπέχει
836 2255 947 2300 libri.
986 2255 1163 2314 ψύλλου
1196 2255 1389 2315 (ψύλλης
1418 2256 1584 2311 Brem.)
1614 2281 1673 2289 --

230 2339 327 2382 χεις
343 2325 513 2371 Iacobs.
533 2326 651 2369 Ann.
669 2326 715 2373 in
734 2325 898 2371 Athen.
916 2326 1016 2371 134.
1043 2325 1155 2371 Cob.
1180 2325 1356 2379 πόσους
1379 2324 1486 2378 τοὺς
1510 2324 1680 2385 ἑαυτῆς·

211 2394 300 2457 λλα
319 2394 470 2449 πόδας
494 2394 602 2452 ἐμοῦ
629 2391 788 2451 ἀπέχει
811 2395 973 2440 Heind.
997 2394 1018 2452 ΙΙ
1046 2395 1087 2441 9.
1118 2399 1193 2440 τοί
1221 2402 1320 2454 post
1350 2394 1479 2454 εἴπερ
1509 2412 1560 2455 γε
1585 2412 1677 2442 om.

220 2464 470 2528 [⁶ret>.bonae
495 2465 592 2510 edd.
612 2472 716 2511 vett.
743 2466 999 2525 complures.
1024 2466 1203 2518 τούτοις
1227 2464 1400 2510 volebat
1423 2466 1679 2512 Iacobsiusz

256 2534 559 2593 “sementiam
590 2535 627 2579 si
656 2536 754 2594 quis
786 2537 996 2595 sequitur,
1036 2535 1349 2581 Schneiderum
1387 2536 1496 2582 sciat
1532 2552 1679 2582 errare

262 2609 382 2652 πᾶσι
395 2606 559 2658 ,καλοῖς
581 2621 738 2663 graece
762 2607 848 2652 diei
870 2612 1115 2666 negantem.
1134 2604 1154 2661 11
1176 2606 1332 2659 καλοῖς
1355 2606 1409 2651 B.
1434 2622 1519 2651 non
1543 2621 1628 2651 om.
1654 2606 1670 2665 l}

217 2671 304 2733 „lm
342 2674 547 2719 Zeunius.
590 2674 718 2720 Libri
753 2678 952 2734 βελτίων.
984 2677 1004 2731 ΙΙ
1041 2676 1110 2722 10.
1148 2676 1305 2736 μηδενὶ
1339 2675 1477 2735 μηδὲν
1512 2677 1679 2722 τοῦτον

216 2743 261 2809 '37
282 2746 382 2795 fl'us.
407 2745 533 2790 Libri
556 2761 603 2803 μ.
628 2746 742 2805 μηδὲ
765 2746 949 2793 τούτων.
977 2744 1100 2793 Geel.
1121 2761 1189 2806 ap.
1216 2745 1353 2792 Mehl.
1377 2744 1491 2804 μηδὲ
1515 2745 1678 2805 μηδενὶ
