1784 3136
118 321 418 390 mtelhgatnr
429 330 468 387 ll
477 322 724 390 ἕμβαλλειν.
865 365 877 377 .

129 398 187 447 G.
202 393 470 460 Dindorfio'
455 415 503 447 ιιι
522 398 656 448 Thes.
671 394 744 448 St.
753 397 1091 466 smpechmffh
1150 459 1153 462 ⁴
1182 446 1217 461 .⁴

127 487 180 530 γε
205 467 338 516 ου’τω.
352 469 384 527 ΙΙ
415 471 455 516 7.
487 468 690 532 ὁπότερα
714 471 788 518 δεῖ
812 475 997 520 τιθέναι
1014 470 1066 518 ἓν
1092 469 1311 540 ἑκατέρᾳ
1332 531 1337 534 ⁴

128 540 329 586 tenbach.
353 540 373 599 Ν
403 541 473 587 10.
502 541 622 588 κατά
648 550 768 601 post
776 544 997 601 βλαστών
1015 534 1324 597 Schneidenxs
1342 590 1352 600 ,
1484 591 1491 597 ,

127 610 244 655 κατά
268 610 353 655 del.
378 609 438 656 id.
458 611 513 657 al.
532 610 551 668 ΙΙ
573 611 724 665 Verba
743 612 996 672 χαυνότητα
1018 616 1112 672 τῆς
1118 616 1201 672 γῆς
1209 611 1361 659 sunt
1348 627 1409 659 ιιι
1395 591 1482 662 Ῐιιι
1470 606 1487 613 ’

130 680 369 741 ξηρότητα.
387 682 407 737 11
433 682 502 726 13.
530 680 665 727 ἐλάαν
688 682 823 726 Dind.
850 682 998 735 Thes„
1023 690 1072 726 ut
1094 683 1184 726 An.
1209 683 1252 736 6,
1276 681 1319 739 4,
1344 676 1417 735 6.

131 750 204 794 14.
236 747 313 795 ὅτε
343 750 490 796 πάλαι
520 751 742 804 Hindenb.
773 752 830 796 ad
860 751 997 796 Mem.
1029 752 1072 806 2,
1096 752 1140 805 4,
1164 751 1208 797 4.
1235 715 1419 798 ἸΑἰῙιι-ἰῖ*

135 818 263 881 Ε’γιν.
302 817 354 866 οὗ
394 820 540 873 δεινός
569 820 628 865 Α.
659 820 678 877 ΙΙ
716 821 785 866 15.
824 819 1125 875 ἆναπεισθείς
1154 821 1217 866 D.-
1248 818 1423 870 ἅναπισ

132 892 202 937 16.
227 890 464 936 Librorum
485 890 697 949 scriptura
719 889 781 950 μὴ
803 891 1017 952 δυναίμην
1036 907 1171 950 quum
1188 892 1432 951 plurimisfd

129 977 340 1020 magnum
364 961 714 1006 emendationum
733 977 962 1006 numerum
981 962 1197 1015 excitavit,
1222 962 1268 1006 in
1285 976 1374 1020 quo
1392 977 1416 1015 c

128 1032 249 1088 leinii
268 1031 351 1074 ZA
360 1032 428 1073 W.
450 1031 578 1083 1842,
603 1046 645 1088 p.
667 1031 765 1075 172.
791 1029 876 1089 μὴν
902 1031 1117 1090 δυναίμην
1143 1027 1197 1076 ἂν
1220 1028 1477 1093 aemulos:

134 1100 207 1161 δή,
241 1107 384 1146 cetera
413 1100 574 1145 intacta
597 1100 769 1158 reliqui,
801 1100 856 1146 de
888 1097 942 1146 ἄν
965 1101 1198 1160 repetendo
1223 1101 1322 1147 coll.
1341 1101 1495 1152 ‘Bel-nh

131 1172 236 1216 411.
262 1171 465 1215 Bellerm.
502 1171 576 1214 De
599 1187 664 1228 gr.
690 1170 840 1214 verbb.
866 1171 1045 1214 timendi
1077 1178 1291 1222 structura.
1314 1171 1386 1219 24.
1407 1170 1431 1225 ss
1458 1165 1483 1215 i:

133 1244 225 1287 τῶν
252 1238 399 1286 ἄλλων
422 1243 514 1286 τῶν
538 1239 758 1285 τοιούτων
788 1240 914 1300 Lips.
940 1239 999 1284 A.
1028 1239 1081 1285 C.
1107 1240 1166 1285 D.
1194 1241 1213 1297 Η
1244 1241 1312 1286 19.
1346 1242 1474 1303 φυλλγ

131 1313 260 1370 Lips.
281 1311 445 1356 Victor.
471 1336 530 1343 —-
555 1326 645 1354 CAP.
671 1311 742 1364 20,
768 1312 809 1355 2.
838 1315 913 1356 σοί
935 1327 984 1369 γε
1008 1312 1065 1355 L.
1085 1310 1143 1355 A.
1162 1311 1222 1355 D.
1244 1310 1283 1356 C
1310 1327 1343 1355 s.
1368 1308 1484 1363 1.,Ρ,

137 1382 191 1442 δή
224 1399 274 1441 γε
304 1398 344 1426 v.
373 1382 443 1435 13,
470 1381 511 1427 5.
551 1381 623 1427 Cf.
649 1382 781 1426 Born.
816 1380 918 1440 Cyr.
946 1382 987 1435 6,
1013 1382 1055 1435 3,
1083 1382 1152 1426 10.
1176 1381 1196 1436 ΙΙ
1224 1382 1267 1426 4.
1301 1378 1411 1441 ἁνήρ
1430 1387 1502 1427 ἴθι·

138 1452 250 1498 Cob.
264 1453 391 1496 Libri
411 1450 535 1510 ἀνήρ.
554 1450 573 1506 ΙΙ
597 1452 638 1496 5.
659 1451 704 1495 οἱ
723 1458 822 1495 ante
843 1452 1074 1504 δοκοῦντες
1091 1451 1355 1496 incluserunt
1366 1449 1487 1499 Dind

136 1520 156 1578 Η
177 1522 218 1567 6.
245 1525 323 1567 καί
344 1529 444 1581 post
469 1520 499 1566 ἃ
523 1520 608 1581 γάρ
636 1520 688 1566 C.
713 1521 773 1565 D.
799 1537 886 1566 non
912 1537 996 1566 om.
1015 1520 1033 1576 ΙΙ
1059 1520 1128 1565 11.
1152 1519 1266 1574 θεὸς
1291 1517 1488 1567 ἄνωθεν

134 1592 254 1636 Add.
273 1592 423 1636 Anim.
444 1592 488 1635 in
506 1591 668 1635 Athen.
690 1591 790 1636 349.
817 1590 996 1636 ἄνωθεν
1021 1588 1046 1636 ὁ
1071 1590 1184 1644 θεός
1210 1589 1413 1635 Schneid.
1435 1587 1462 1636 ὃ

132 1662 249 1716 θεός
279 1663 412 1707 Born.
447 1661 584 1706 Conv.
612 1661 653 1714 6,
682 1662 720 1705 7.
746 1661 765 1716 ΙΙ
795 1659 999 1706 ἐκποδών
1026 1660 1078 1706 C.
1103 1660 1163 1705 D.
1187 1660 1326 1705 Liber
1348 1659 1407 1705 A.
1432 1676 1470 1705 >u-

136 1739 362 1776 accentum
397 1731 588 1789 praebet.
618 1731 637 1786 ΙΙ
675 1731 744 1774 12.
775 1730 909 1788 Vulg.
941 1732 1016 1774 καὶ
1052 1728 1205 1788 ὑγροῖς
1234 1746 1302 1783 τε,
1342 1729 1471 1774 etiam

136 1804 214 1852 καί
244 1816 342 1846 cum
374 1816 552 1846 censore
590 1815 669 1845 suo
705 1800 906 1845 Iacobsio
938 1798 1228 1845 Schneider-us
1254 1799 1360 1845 460.
1397 1798 1493 1844 dele

134 1873 405 1922 Fritzschius
428 1871 609 1928 Quaest.
628 1872 740 1915 Luc.
763 1871 831 1915 10.
852 1873 996 1929 nempe
1012 1870 1325 1928 interpretatur.
1345 1868 1364 1925 H
1389 1869 1488 1914 13.

137 1944 249 1991 Cob.
269 1943 370 1990 596.
404 1942 569 1988 Contra
593 1957 721 1999 quem
741 1941 929 1986 BuechS.
949 1940 1049 1986 326.
1075 1940 1200 1985 affert
1226 1938 1362 1999 Soph.
1384 1938 1442 1986 O.
1450 1928 1504 1985 Τ
1552 2001 1557 2004 ⁴

138 2015 239 2060 675.
264 2014 378 2057 P1at
397 2014 543 2072 Legg.
560 2012 658 2064 751,
679 2012 721 2055 d.
740 2011 759 2066 ιι
784 2012 853 2055 14
879 2011 1006 2055 Libri
1031 2010 1221 2055 offlam.
1247 2002 1564 2061 Utozo'soeco'

136 2086 181 2139 4,
202 2086 243 2138 6,
264 2084 305 2128 6.
332 2090 375 2126 et
398 2082 528 2138 ’ἴσμεν
552 2080 640 2124 An.
660 2080 701 2133 2,
727 2080 770 2132 4,
797 2081 837 2124 6.
865 2080 1017 2138 scripsi
1041 2080 1193 2125 ἰ’σασιν
1219 2095 1318 2125 cum
1342 2079 1499 2136 aliisi}
1556 2128 1560 2140 ⁴,

136 2162 270 2202 ποιεῖ
299 2153 409 2198 Cob.
442 2149 707 2201 0011.5,12.
748 2148 838 2194 Sed
867 2165 908 2193 v.
941 2166 1037 2194 ann.
1068 2150 1156 2194 An.
1188 2148 1467 2204 5,1,12.C

138 2227 182 2280 6,
207 2225 249 2270 5.
275 2224 293 2278 ΙΙ
323 2221 472 2267 Verba
500 2224 580 2278 γῆν
613 2219 662 2264 δὲ
687 2243 743 2250 -
769 2227 898 2264 ποιεῖ
927 2220 1176 2265 secludebat
1205 2213 1487 2270 Heindorfius

137 2293 432 2343 Schneiderus
463 2290 595 2335 refert
623 2295 723 2347 post
754 2287 1020 2335 ἐπίστανται
1048 2296 1200 2348 putare
1219 2283 1412 2335 verba‘
1384 2284 1459 2334 ὁπ’

135 2365 324 2426 βήσεται
354 2362 426 2407 vel
458 2360 616 2407 similia
647 2359 872 2404 excidisse.
897 2358 916 2414 ΙΙ
947 2359 1016 2405 15.
1043 2359 1177 2418 Vulg.
1210 2355 1305 2403 ἀλλ’
1332 2355 1358 2417 ἡ
1386 2357 1467 2404 ἒν
1455 2375 1488 2417 ty

140 2436 194 2480 O.
218 2436 279 2479 D.
312 2430 406 2478 ἀλλ’
432 2429 459 2491 ἡ
491 2432 701 2490 γεωργία.
741 2428 937 2485 Quorum
969 2430 1228 2473 deteriorum
1257 2428 1432 2487 quidem
1461 2427 1494 2473 li

141 2506 398 2564 scripturam
415 2502 571 2560 recepi.
592 2500 745 2558 Neque
764 2499 952 2544 melioris
966 2497 1025 2543 A.
1041 2496 1175 2558 ἀλλ’ἢ
1196 2498 1243 2545 ἐν
1260 2501 1454 2559 γεωργίᾳ
1472 2506 1475 2508 ’

136 2592 219 2622 sua
254 2571 625 2621 commendatione
662 2576 789 2615 caret.
846 2568 1119 2613 Vocabulum
1162 2567 1359 2628 ἐνέργεια,
1394 2569 1440 2614 in

137 2645 377 2705 ascriptum
409 2648 475 2686 est
506 2641 634 2684 etiam
664 2641 709 2684 in
740 2639 913 2699 optimis
941 2637 1111 2689 Comm.
1137 2638 1179 2694 2,
1207 2639 1247 2694 7,
1275 2639 1314 2685 7.
1339 2638 1444 2695 loco„
1469 2635 1491 2684 ’Ῐ

138 2717 281 2761 simili.
329 2714 423 2758 Nec
459 2712 617 2756 desunt
647 2711 762 2768 apud
793 2709 1131 2768 Xenophontem
1160 2711 1223 2754 rei
1259 2725 1338 2768 pro
1369 2708 1469 2773 ciu'

135 2787 255 2833 fectu
284 2784 452 2844 positae
483 2780 702 2841 exempla:
741 2778 928 2838 δύναμις
957 2779 1046 2825 Αιι.
1074 2779 1113 2835 1,
1141 2779 1182 2835 6,
1210 2780 1249 2825 7.
1282 2774 1567 2849 φυλοικῃήζᾷζξιἑ
